1596 2734
168 2129 216 2197 M.
165 1782 218 2088 AVRELIO.
165 1395 218 1740 COMMODO.
169 1251 220 1355 ET.
168 840 232 1206 QVINTILIO.
174 679 225 798 COS

249 2003 297 2123 XVI
286 1986 295 1995 .
249 1801 298 1944 KAL.
249 1577 299 1760 FEBR.
249 1112 300 1536 FONTINALIA.
250 728 304 1072 FFCERVNT

326 2203 374 2259 Α..
326 1820 376 2161 SEPTIMVS.
329 1479 378 1778 VALIDVS.
328 1193 377 1437 AVGVR.
330 1049 377 1152 ET.
330 806 381 1006 FLAM.
328 610 382 764 DI'AL

406 2318 452 2376 T.
406 1979 456 2275 FERVIVS.
409 1878 455 1938 T.
408 1781 455 1836 F.
408 1398 457 1739 SILVANVS.
407 1012 459 1353 MINISTER.
410 772 459 971 FONT.
413 460 464 728 LOLIANI

487 2153 546 2215 Q
484 1753 534 2113 PROCILIVS.
487 1568 537 1712 SEX.
486 1471 534 1526 F.
487 1000 537 1429 SEVERIANVS.
490 624 540 959 MAGISTER

559 2442 611 2508 Τι’
580 2360 610 2420 ere
582 2179 633 2332 stzow
583 2012 629 2148 εχομε
586 1986 615 2027 ν
584 1691 635 1950 μαρτυρων;
586 1539 615 1649 nam
583 1388 620 1502 ecce
569 1276 615 1360 tibi
568 1179 616 1236 T.
569 912 631 1143 Fervius,
571 816 621 882 T
571 735 618 791 F
571 444 637 710 SilvanUS‚
574 261 625 406 homo

643 2332 691 2577 irinomius
681 2293 704 2306 ‚
645 2028 711 2253 idemque
651 1749 712 1990 ingenuus
685 1712 707 1724 ‚
655 1609 694 1655 ct
648 1400 697 1576 Fontis
648 1140 697 1344 Loli'am'
651 838 700 1079 Μίηἱςῐεν.

722 2372 781 2506 Quid
723 2277 772 2337 ad
724 2128 772 2242 haec
725 2020 773 2093 vi1
726 1557 790 1986 piaestantissimus
727 1259 784 1519 Marinius,
729 1110 793 1191 qui
729 882 778 1073 titulum
749 818 778 843 e
730 606 798 780 Sponio
733 369 802 570 allegat,
744 260 784 307 et

801 2321 868 2576 ingenuum
804 2041 853 2286 hominem
806 1945 852 2003 T.
805 1670 854 1899 Fervium
805 1460 855 1633 fatetui
806 1219 874 1422 ingenue
808 1173 854 1197 ?
808 915 856 1137 nimirum
811 817 858 877 ad
811 512 878 783 Ligerianas
814 260 863 477 tabernas

898 2409 945 2577 panum
883 2179 931 2373 comiter
884 1929 952 2130 ablegat.
885 1754 933 1886 Adeo
888 1671 934 1717 in
887 1435 933 1631 summis
904 1188 951 1382 quoque
889 1017 935 1128 viris
900 623 957 980 plaeconceptae
892 456 941 569 olim
893 261 942 420 animo

959 2335 1024 2572 opiniones
965 2049 1027 2283 possunt!
964 1890 1012 1986 Sed
983 1757 1030 1852 quo
964 1528 1010 1719 tandem
963 1301 1029 1492 Lapidis
965 1102 1014 1262 vitio?
967 883 1034 1052 triplici
987 645 1035 847 nempe,
971 510 1019 590 ille
972 382 1031 474 ait,
991 261 1024 340 ac-

1039 2339 1086 2573 cusatione
1058 2218 1104 2301 per
1041 1990 1106 2192 digitos,
1042 1650 1090 1957 Hortensiano
1059 1455 1102 1613 more,
1044 1272 1092 1427 ducta.
1045 1139 1112 1235 Ag'e
1085 1095 1106 1108 ‚
1047 791 1096 1054 audiamus.
1048 641 1098 750 Non
1052 491 1099 615 enim
1053 352 1111 454 fas,
1054 262 1102 314 in

1133 2524 1163 2575 re
1117 2272 1181 2487 capitali,
1135 2141 1166 2231 una
1120 1827 1168 2104 accusatoris
1121 1699 1168 1791 fide
1159 1666 1179 1676 ,
1122 1383 1186 1632 verboque
1140 1211 1170 1345 reum
1125 860 1175 1185 succumbere.
1146 769 1174 812 1.
1129 580 1190 728 Quod
1129 261 1179 526 Fontinalia

1194 2510 1241 2571 ad
1195 2348 1241 2473 diem
1194 2178 1242 2310 XIII·
1197 1937 1245 2151 Octobris
1200 1826 1265 1898 agi
1199 1493 1249 1789 consuevisse
1239 1451 1261 1465 .,
1219 1353 1249 1409 ex
1202 1026 1254 1317 Kalendariis
1205 672 1270 990 addiscimus,
1226 539 1257 634 non
1208 440 1258 501 ad
1210 267 1259 405 XVI.

1272 2340 1320 2573 Kalendas
1273 2063 1323 2303 Februarii
1315 2018 1336 2031 ‚
1286 1917 1324 1969 ut
1279 1834 1324 1879 in
1288 1541 1327 1806 commento
1279 1250 1345 1503 Sponiano.
1299 1174 1330 1219 2.
1283 1021 1349 1151 quod
1284 928 1332 997 nil
1286 548 1339 905 Fontinalibus
1305 405 1338 513 cum
1291 261 1339 380 Fla-

1355 2448 1401 2576 mine
1353 2268 1402 2412 Diali
1372 1991 1404 2236 commune
1356 1691 1405 1956 intercedit.
1359 1600 1407 1648 3.
1361 1413 1424 1543 quod
1361 1081 1425 1376 Magistrum
1363 919 1412 1030 cieri
1373 615 1430 882 oportuerat
1375 470 1416 578 ante
1367 262 1417 411 Mini-

1441 2418 1482 2572 strum
1471 2381 1493 2393 7
1435 2206 1501 2338 quod
1452 2043 1484 2171 secus
1434 1956 1483 2002 in
1453 1683 1487 1919 marmore
1437 1456 1487 1647 factum.
1438 1344 1488 1412 Ita
1441 1063 1490 1308 Marinius.

188 168 248 217 16
