1596 2734
160 172 221 218 πθ

153 264 445 324 Postremum
466 252 743 321 ,relinquere
771 289 784 311 ‚
848 250 980 317 quod
1007 252 1063 297 dn
1103 250 1390 316 quibusdam
1451 269 1478 299 a

153 341 363 390 moribus
399 340 568 387 nostris
623 358 715 388 non
752 337 888 389 valde
926 337 1165 387 abhorret.
1225 336 1479 405 Nequeid

153 428 429 476 habendum
466 446 550 494 pro
586 427 750 475 nihilo.
815 425 941 474 Nam
976 434 1020 481 et
1055 425 1105 472 in
1141 425 1479 489 Pompeiorum

149 515 308 564 Sacris
344 514 472 561 haud
508 513 648 562 semel
683 513 988 562 observatum
1015 547 1029 570 ‚
1067 510 1293 558 ministris
1329 509 1477 576 Inge-

148 607 308 661 παῖς,
358 610 442 648 aut
479 601 749 651 Libertinis
807 598 1009 647 alterum
1052 616 1078 645 a
1115 596 1286 646 Servis
1321 597 1479 647 locum

148 685 527 745 att1·ibui.Quod
564 687 648 732 etsi
684 686 737 731 in
772 686 1006 748 potiorem
1030 684 1279 732 ministerii
1315 683 1476 750 digni-

149 782 297 821 tatem
336 773 426 839 ipsi
463 772 801 820 coniecerimus
828 808 846 829 .,
886 789 979 836 qua
1015 771 1160 819 Servi
1183 809 1197 831 ‚
1235 788 1344 836 prae
1386 772 1477 819 In·-

144 863 327 925 genuis
356 897 371 919 ‚
409 858 765 926 praefulgebant
793 876 805 904 :
842 856 927 903 *abs
962 873 1012 903 re
1050 866 1210 905 tamen
1245 875 1339 905 nou
1375 858 1474 906 fue-

144 948 207 995 rit
232 981 246 1007 ‚
285 947 335 994 id
372 956 419 994 et
456 964 513 994 ex
549 962 604 993 eo
639 953 881 1011 repetere,
905 942 1036 1011 quod
1071 942 1201 991 locus
1238 946 1470 1011 posterior

147 1035 196 1081 in
231 1035 477 1081 nominum
516 1033 786 1081 recensione
827 1033 1068 1080 honestior
1092 1031 1353 1098 aliquando
1390 1032 1472 1078 ha-

145 1119 365 1169 bebatur.
385 1119 457 1167 Ne
492 1118 647 1184 plura.
676 1119 931 1166 Mariniani
967 1120 1178 1184 scrupuli
1216 1120 1328 1167 inde
1366 1138 1473 1185 pro*

144 1206 291 1263 fecti,
351 1204 487 1272 quod
521 1204 796 1253 imbibitum
850 1213 957 1251 ante
992 1205 1140 1252 fuerat
1163 1243 1177 1265 ,
1238 1224 1471 1273 nusquam

146 1292 314 1340 datum
350 1294 589 1340 ministris
625 1289 943 1338 conditionem
981 1289 1197 1338 servilem
1233 1300 1468 1341 transcen·

146 1378 287 1437 dere;
315 1376 446 1444 quod
482 1376 826 1443 praeiudicium
863 1377 901 1422 si
938 1394 1106 1424 exuere
1139 1395 1225 1444 per
1260 1384 1464 1429 occasio-

143 1481 253 1512 nem
289 1464 545 1523 licuisset,
604 1463 901 1512 abstinuisset
963 1465 1033 1512 vir
1069 1482 1280 1514 summus
1319 1470 1464 1516 cavil-

141 1551 273 1599 landi
309 1568 498 1608 ansam,
538 1559 593 1597 ut
627 1551 808 1598 nodum
844 1551 893 1597 in
931 1551 1115 1617 scirp0,
1157 1571 1378 1618 quaerere
1414 1558 1463 1604 in

142 1637 286 1686 titulo
322 1637 580 1703 Sponiano.
639 1637 702 1684 Et
739 1638 960 1685 hactenus
1013 1639 1213 1703 quidem
1265 1641 1462 1708 Pompe·

140 1725 268 1773 iani*
308 1726 554 1773 marmoris
629 1725 779 1774 veluti
838 1724 1032 1773 caudam
1091 1725 1455 1792 depilavimus:

140 1829 268 1859 nunc
304 1821 444 1878 caput
479 1812 633 1877 ipsum
668 1810 1052 1879 deglubendum,
1109 1831 1166 1860 an
1205 1816 1458 1885 infringen-

138 1896 256 1944 dum
291 1899 440 1965 magis
464 1896 490 1942 ?
525 1916 636 1946 nam
674 1899 846 1965 ecquid
884 1898 1002 1947 illud
1033 1919 1044 1947 :
1099 1898 1267 1951 Tauro
1303 1905 1459 1956 Stati-

136 1985 242 2042 lio,
285 1981 362 2031 Ti.
405 1985 612 2033 Placilio
647 1985 892 2044 Aeliano,
935 1988 1278 2037 Consulibus?

205 2069 366 2136 Apage
404 2070 514 2118 hinc
552 2072 596 2118 in
634 2073 829 2137 primis,
858 2073 941 2138 qui
978 2073 1272 2138 Pompeianis
1304 2077 1456 2129 lluiris

140 2157 432 2221 suspicantur
469 2159 714 2207 ambitiosa
739 2159 1003 2211 Consulum
1030 2178 1337 2211 romanorum
1375 2184 1457 2214 no-

145 2242 273 2287 mina
312 2253 529 2308 usurpata
560 2246 571 2290 !
622 2246 714 2292 Vix
755 2245 807 2292 id
840 2247 1054 2311 pauculis
1092 2247 1322 2297 urbeculis
1376 2270 1458 2300 au-

146 2341 273 2385 sum;
296 2328 512 2393 Pompeis
548 2346 826 2393 numquam.
859 2331 1025 2398 Neque
1060 2332 1171 2380 haec
1209 2337 1458 2387 nominum

142 2412 357 2479 prodigia
393 2415 641 2479 patiuntur
675 2424 881 2482 tempora
909 2454 923 2474 ‚
989 2420 1161 2484 quibus
1196 2419 1259 2468 de
1295 2422 1452 2489 loqui-
