1596 2734
148 178 214 222 28

776 242 827 290 3.

440 358 495 405 P.
535 355 890 408 STATILIVS.
931 314 1159 407 AGAEO

531 442 872 492 MINISTER.
916 443 978 491 D.
1019 445 1062 492 D

519 530 653 577 IMP.
694 528 1000 578 CAESARE.
1042 529 1111 576 IV

553 617 622 664 Μ.
662 614 899 664 SILANO
935 614 1053 665 COS

447 700 760 749 noVATVM.
801 704 857 750 P.
899 700 1158 749 ALFENO

539 786 592 833 P.
632 785 904 836 VINICIO.
944 787 1059 835 COS

709 872 896 921 IVSSV

411 958 479 1006 M.
518 958 827 1007 POMPONI.
865 959 1195 1008 MARCELLI

287 1046 343 1093 L.
384 1046 645 1094 VALERI.
683 1047 935 1095 FLACCI.
977 1048 1040 1095 D.
1080 1047 1142 1094 V.
1183 1046 1224 1094 I.
1263 1048 1309 1096 D

321 1166 332 1177 .
370 1132 653 1181 LVCRETI
694 1168 704 1178 .
750 1170 759 1178 .
805 1169 815 1180 .
855 1134 915 1180 L.
955 1133 1121 1181 ORFI.
1159 1135 1218 1180 L.
1259 1135 1300 1181 F

484 1218 546 1264 D.
586 1217 647 1266 V.
685 1218 748 1266 V.
786 1217 845 1265 A.
885 1217 938 1267 S.
976 1219 1037 1266 P.
1074 1219 1115 1266 P

207 1305 397 1374 Ecquid
435 1306 580 1374 igitur
615 1305 994 1355 subaudiendum
1017 1322 1079 1373 ‘cog
1098 1301 1458 1355 NOVATVM?

144 1393 360 1444 Sacrum
398 1410 592 1460 nempe,
630 1402 684 1440 ut
717 1409 991 1460 persuasum
1026 1390 1162 1439 nobis
1197 1401 1283 1439 est.
1332 1392 1456 1443 Nam

147 1481 185 1526 si
222 1481 281 1528 de
317 1482 496 1547 templo
532 1489 780 1548 ageretur,
788 1479 927 1548 fano
954 1517 968 1541 ,
1006 1478 1299 1544 aedg‘fi'eiove
1335 1497 1454 1546 quo-

142 1569 209 1616 vis
234 1605 249 1628 ,
283 1572 459 1634 signo,
499 1567 694 1634 aliisque
730 1565 1131 1625 elusmodi3haud
1167 1566 1304 1614 facile
1339 1567 1454 1615 haec

147 1656 288 1702 tacita
322 1656 371 1702 in
407 1655 546 1702 titulo
583 1655 733 1703 forent
754 1693 766 1715 ,
796 1653 925 1721 quod
959 1653 1170 1721 ignorare
1206 1653 1296 1703 viri
1332 1655 1455 1702 anti-

144 1743 332 1810 quitatis
369 1742 587 1790 callentes
612 1760 707 1790 non
740 1749 955 1808 possunt.
984 1739 1061 1788 Ad
1082 1740 1225 1787 haec:
1252 1739 1313 1788 de
1348 1743 1457 1790 unis

148 1830 326 1879 Sacris
360 1839 467 1877 sunt
493 1868 508 1894 ,
548 1831 630 1898 qui
666 1840 777 1880 sunt
813 1830 864 1878 in
902 1829 1111 1877 manibus
1135 1866 1149 1889 .,
1175 1827 1451 1895 Pompeiani

140 1917 359 1984 Lapides,
399 1908 617 1968 Sacrum
652 1935 763 1986 ergo
792 1955 809 1979 ,
868 1915 997 1985 quod
1033 1917 1080 1963 in
1114 1916 1251 1963 titulo
1299 1918 1459 1984 priore

145 2015 376 2056 novatum
411 2006 583 2054 dicitur
621 2005 690 2053 M.
732 2004 864 2053 Staii
887 2041 901 2064 ‚
939 2016 987 2054 et
1020 2001 1091 2052 M·
1131 2003 1250 2068 Rzfi
1286 2004 1346 2049 D.
1387 2003 1450 2052 V.

141 2090 183 2135 I.
226 2092 267 2137 D
290 2111 303 2151 ;
334 2092 412 2140 hic
451 2103 682 2143 novatum
708 2089 910 2139 edicitur
936 2090 1009 2138 M.
1036 2089 1292 2156 Pomponii
1317 2090 1458 2138 [War-

145 2181 258 2241 cqlli
285 2217 298 2238 ,
338 2193 386 2230 ec
423 2180 484 2228 L.
527 2181 583 2231 V
579 2182 709 2230 caleri
747 2178 925 2228 Flacca·
958 2183 1108 2226 iussu.
1148 2176 1325 2237 Quod,
1366 2175 1456 2224 nisi

145 2265 351 2313 fallimur
382 2306 395 2328 2
437 2270 527 2316 tale
562 2279 630 2316 est
658 2287 668 2315 2
708 2268 925 2316 Sacrum,
962 2277 1141 2314 novant.
1163 2263 1458 2326 Melissaeus,

147 2358 191 2397 et
229 2350 381 2398 Staius
410 2389 423 2412 ,
484 2352 567 2399 sed
604 2354 788 2401 nomine
847 2351 1033 2416 proprio
1060 2389 1073 2410 ,
1136 2349 1411 2415 privatoque
1441 2368 1456 2397 ς

146 2447 329 2494 novemb
362 2439 648 2506 Pomponius
676 2476 692 2502 ,
753 2448 799 2487 et
836 2439 1052 2486 Valerius
1077 2472 1091 2498 ,
1149 2435 1232 2484 sed
1269 2435 1458 2484 nomine
