1596 2734
160 204 221 236 ao

155 273 334 340 Lapide
369 281 523 322 nostro
576 274 858 339 Pompeiano
890 290 991 324 esse
1020 313 1034 337 .,
1099 279 1146 324 in
1185 292 1277 342 quo
1324 279 1463 326 mini-

153 370 367 410 strorum
404 362 660 409 Fortunae
684 359 949 426 Augustae
984 370 1080 409 tam
1114 362 1348 411 luculenta
1384 381 1459 413 re-

153 433 301 494 currit
336 445 613 495 recordati&
670 447 761 495 Res
798 448 944 513 igitur
1001 450 1122 497 redit
1157 451 1217 498 ad
1254 450 1463 501 Statilios

152 533 386 582 Consules
423 542 689 600 temporum
713 534 1065 595 insecutorum,
1085 553 1315 584 annorum
1349 546 1465 602 puta

149 619 211 664 V.
252 619 309 667 C.
363 619 477 687 764.
520 620 635 687 769.
678 636 796 687 797.
844 623 960 689 798.
1016 621 1074 668 Id
1110 640 1219 671 vero
1256 632 1469 672 constare

151 704 284 752 nullo
313 715 455 771 *pacto
489 708 691 770 poterit,
752 707 841 753 nisi
880 715 985 753 ante
1021 707 1083 754 de
1142 708 1218 755 Ti.
1284 708 1464 756 Platilii

150 789 335 838 Aeliani
372 791 630 838 Consulatu
665 792 941 838 constiterit.

221 876 422 926 Platilii
473 892 644 922 nomen
698 875 921 923 hactenus
980 876 1268 926 inauditum.
1331 878 1468 926 Putat

141 962 319 1009 idcirco
356 962 639 1030 Burghesius
660 999 675 1021 .,
713 963 968 1012 Platilium
986 963 1034 1010 in
1071 964 1330 1013 Plautium
1365 982 1466 1013 esse

142 1048 499 1109 recudendum,
547 1050 628 1096 -cui
665 1066 771 1097 cum
806 1048 1011 1098 Aeliani
1044 1051 1333 1117 cognomine
1371 1050 1458 1099 Ti-

144 1134 270 1182 berii
306 1151 497 1199 quoque
531 1151 839 1200 praenomen
875 1134 1101 1181 adhaesit.
1127 1136 1204 1182 Ti.
1247 1153 1452 1201 namque

144 1218 356 1267 Plautius
390 1219 635 1281 AelianUS‚
672 1219 866 1269 Claudii
900 1219 1137 1286 Legatus,
1165 1221 1322 1286 ipsum
1359 1223 1457 1272 Ro-

144 1323 246 1353 mae
280 1306 648 1373 triumphantem
706 1313 931 1372 sequutus
968 1315 1034 1353 est
1056 1343 1070 1365 ,
1125 1306 1175 1352 in
1212 1308 1347 1354 cuius
1386 1309 1452 1354 rei

142 1394 369 1441 meritum
407 1394 538 1441 facile
574 1391 645 1440 illi
698 1391 980 1439 Consulatus
1017 1391 1204 1458 obtigit.
1263 1392 1358 1439 Sed
1395 1393 1459 1441 de

142 1479 314 1526 Plautii
350 1479 532 1526 Aeliani
567 1477 828 1527 Consulatu
857 1516 872 1538 ‚
934 1477 1192 1544 eodemque
1240 1478 1406 1525 iterato
1436 1517 1453 1539 ,

142 1565 267 1612 nihil
303 1574 372 1612 est
407 1564 727 1616 dubitandum
746 1603 758 1624 ‚
789 1564 1175 1632 quandoquidem
1203 1564 1454 1630 utriusque

142 1651 314 1698 notitia
351 1650 545 1718 adparet
582 1669 638 1700 ex
676 1651 1008 1699 dissertissimo
1066 1667 1291 1699 marmore
1327 1650 1454 1698 Gru-

157 1737 337 1787 teriano
361 1775 376 1800 ,
414 1738 543 1806 quod
564 1738 673 1808 ¹tale
709 1748 776 1787 est
811 1738 885 1805 (a)
916 1756 928 1784 :

258 2436 316 2491 (a)
347 2435 447 2489 pag.
478 2434 573 2486 454.
