1596 2734
1460 187 1517 221 Π

203 252 361 322 puleio
410 253 472 303 ad
505 269 579 302 an.
619 251 679 300 V.
719 252 777 302 C.
821 252 938 322 734.
1003 252 1140 302 Nihil
1175 253 1347 303 iterum
1392 270 1521 303 com-

203 360 343 391 mune
377 341 434 390 L.
473 342 670 391 Volusio
704 343 955 391 Saturnino
975 359 1083 390 cum
1121 340 1210 393 Cn..
1234 342 1400 390 Sentio
1436 339 1525 410 ξει-

207 429 433 490 turnino,
467 432 574 477 anni
596 430 809 496 proxime
845 430 1133 495 insequentis
1159 427 1362 476 Consule
1392 446 1410 488 ⁴,
1447 430 1524 478 cui

200 515 446 565 Fastorum
480 517 733 566 Curatores
769 516 1012 584 Collegam
1039 516 1223 564 addunt
1259 517 1321 576 Q.
1346 514 1525 563 Lucre—

203 604 328 651 tium
366 602 848 670 Vespillonem.Biga
882 603 996 651 haec
1032 602 1310 664 Consularis·
1323 601 1516 668 Lapidis

198 687 474 755 Pompeiani
509 687 571 736 ad
606 705 681 737 an.
711 687 812 757 756
830 726 846 750 ,
867 688 1185 754 eumdemque
1211 687 1521 737 undecimum

205 783 313 822 ante
349 773 535 824 obitum
570 774 774 842 Augusti
809 792 997 841 prorsus
1033 773 1286 823 reiicienda
1321 813 1336 835 .,
1377 791 1527 840 eaque

203 861 439 927 ipsissima
476 871 548 909 est
576 899 591 921 ,
628 878 751 928 quae
786 862 834 908 in
873 861 1133 909 Gabiorum
1168 869 1346 929 prostat
1380 855 1529 930 Frag'-

201 956 362 995 mento
396 965 422 994 a
460 946 663 995 Marinio
683 947 732 1014 (1
747 949 789 1014 )‚
814 949 914 999 viro
950 966 1152 1011 summo,
1175 949 1313 996 allato
1331 988 1342 1008 ‚
1364 965 1529 1014 quam-

201 1050 293 1099 que
327 1050 570 1084 revocasse
606 1034 737 1081 nobis
774 1036 824 1081 in
861 1044 1072 1083 mentem
1102 1034 1421 1102 Burghesium
1446 1054 1528 1083 no-

199 1127 349 1166 strum
374 1155 388 1177 ,
409 1120 610 1185 ingenue
635 1119 1034 1187 libentissimeque
1059 1122 1353 1188 profitemur.
1391 1122 1526 1171 Prae-

196 1213 287 1254 stat
322 1202 566 1251 Gabinum
619 1205 777 1270 ipsum
825 1206 1162 1274 Fragmentum
1218 1209 1267 1255 in
1304 1208 1525 1257 medium

196 1290 392 1352 afferre,
418 1290 549 1356 quod
584 1308 677 1339 non
713 1293 1029 1344 iniucundum
1065 1278 1347 1346 Lectorihus
1398 1296 1524 1346 futu-

196 1394 306 1428 rum
340 1378 646 1430 confidimus.

302 2434 369 2488 (ι)
398 2436 551 2486 Eratel.
584 2438 685 2480 ΛΝ.
722 2454 815 2493 pag·
852 2442 919 2493 24.
