1596 2734
1395 128 1463 193 43

157 221 265 271 anni
303 218 420 289 752,
462 237 630 287 nempe
665 219 725 267 A.
753 215 963 269 Caesetio
997 215 1276 279 Postumio,
1317 225 1364 265 et
1396 219 1467 270 N.

162 309 361 357 Tintirio
402 307 529 358 Rufo
551 343 562 363 ,
604 323 723 373 quos
757 304 869 356 vide
903 305 964 353 ad
998 290 1106 373 pag.
1139 304 1192 352 6.
1217 296 1474 352 commen!

161 396 267 442 tarii
326 394 594 459 superioris,
646 394 861 452 Quatuor
903 392 1051 459 igitur
1094 408 1327 441 annorum
1372 409 1467 440 uno

159 479 402 529 intervallo
432 479 606 547 triplex
631 480 750 546 Biga
785 478 987 531 siviralis
1007 477 1278 527 huiusmodi
1302 479 1351 525 in
1374 493 1474 525 me-

160 568 297 615 dium
332 565 500 633 prodit
521 604 535 627 ,
561 566 648 614 alia
686 566 743 613 ab
769 565 908 614 altera
933 573 1157 632 perpetuo
1181 565 1470 632 discrepans..

162 653 426 702 Duumviri
443 651 621 701 idcirco
638 651 912 718 hujusmodi
943 652 1357 719 Quinquennales
1380 669 1476 699 esse

162 739 296 787 nulla
330 740 512 788 ratione
547 748 741 806 possunt
770 778 784 800 ‚
822 757 1114 808 annuosque
1151 757 1199 788 se
1234 737 1342 785 luce
1377 755 1475 785 me-

162 826 343 873 ridiana
379 826 552 874 elarius
590 825 810 891 produnt.
850 828 1009 892 Atque
1045 826 1107 873 ad
1136 826 1305 873 horum
1325 842 1480 872 amus-

165 913 253 960 sim
290 913 493 978 expendi
529 914 781 973 volumus,
822 913 859 959 si
880 930 998 979 quae
1016 913 1062 959 in
1085 912 1321 978 superiore
1339 912 1479 960 Com-

162 999 391 1046 mentario
426 997 497 1045 his
521 1017 685 1065 parum
703 1009 1012 1047 consentanea
1034 999 1317 1065 videantur:
1340 1015 1477 1066 prae-

167 1086 307 1148 cipue
341 1101 450 1131 vero
487 1085 688 1132 delenda
724 1087 1030 1151 praecipimus
1052 1123 1068 1147 .,
1105 1103 1228 1153 quae
1259 1084 1321 1133 ad'
1353 1103 1465 1154 pag.

166 1171 250 1231 48.
291 1170 377 1218 sub
412 1188 613 1219 numero
647 1188 699 1236 9.
739 1172 1055 1220 eontinentur.

228 1257 388 1304 Licuit
421 1257 614 1306 tandem
648 1259 698 1306 in
734 1258 1007 1307 Fabrettino
1055 1276 1286 1309 marmore
1321 1260 1477 1309 initia-

166 1343 235 1390 les
272 1344 335 1391 T..
371 1343 424 1392 S.
465 1345 818 1412 deprehendere
846 1384 861 1407 ‚
900 1364 1016 1413 quas
1050 1349 1100 1394 in
1146 1347 1481 1414 Pompeiorum

163 1429 436 1497 fragmentis
472 1432 756 1499 quibusdam
791 1434 935 1481 semel
959 1443 1098 1499 atque
1127 1436 1302 1484 iterum
1338 1436 1481 1483 Mini-

164 1524 366 1566 strorum
413 1519 747 1584 quorumpiam
783 1520 1054 1567 nominibus
1091 1521 1273 1570 suffixus
1331 1521 1482 1569 offen-

164 1604 342 1653 dimus.
370 1606 506 1671 Piget
541 1605 845 1654 nihilominus
880 1606 940 1653 de
962 1608 1016 1657 iis
1053 1609 1309 1659 sollicitum
1334 1611 1477 1658 mini—

164 1706 241 1737 me
276 1709 323 1738 se
360 1693 630 1759 praebuisse
655 1694 812 1743 virum
847 1695 1138 1760 antiquitatis
1174 1695 1475 1744 consultissi-

164 1792 315 1824 mum.
345 1778 398 1824 ln
435 1780 611 1840 titulo,
649 1779 905 1832 Fullonum
941 1782 1151 1851 Magistri
1189 1783 1476 1850 Quinquen-

163 1863 288 1910 nales
323 1866 508 1916 donam
543 1870 782 1921 Minervae
804 1910 818 1932 ‚
869 1870 1059 1918 Artium
1092 1872 1270 1921 scilicet
1304 1872 1432 1920 Deae
1455 1909 1472 1934 ‚

165 1946 290 1995 dant.
331 1951 611 2004 curatorum
629 1967 838 2022 quartuS,
867 1958 1135 2007 conditione
1170 1978 1349 2022 servus²
1372 1962 1471 2007 sin»

164 2035 450 2099 gulariarum
485 2051 749 2091 nostrarum
782 2043 1042 2111 adpendice
1078 2046 1345 2108 discretus,
1409 2048 1479 2096 sie

167 2130 313 2172 eletur
340 2142 355 2173 ἰ.
