1596 2734
1396 130 1452 176 31

140 217 226 284 qui
263 215 565 264 delationem
590 212 656 264 de
692 212 808 263 loco
841 216 894 262 in
928 215 1093 263 locum
1111 212 1300 280 penitus
1338 217 1455 263 mis-

134 321 233 353 sam
272 303 417 361 facit,
476 311 522 350 et
557 305 928 353 commotionem
987 319 1097 349 cum
1149 303 1459 351 institutione

130 392 231 458 ipsa
265 408 530 440 sacrorum
557 427 571 449 .,
607 398 662 439 ut
697 406 840 456 supra
876 399 946 437 est
986 389 1283 438 observatum
1305 428 1318 450 ‚
1345 407 1459 436 con-

133 477 309 525 fundit.
364 475 463 524 Sed
497 495 583 543 pro
619 478 871 527 delatione
907 475 1014 526 hac
1043 476 1106 525 de
1143 477 1256 524 loco
1297 480 1348 523 in
1383 478 1459 524 lo·-

132 582 247 613 cum
282 572 370 610 stat
406 564 453 609 in
492 564 657 629 primis
697 582 787 616 vox
827 565 926 630 ipsa
963 566 1319 612 commotionis.
1348 560 1461 608 Ser-

134 651 200 696 vii
238 649 412 696 deinde
451 650 776 698 auctoritatem
805 688 819 712 ,
847 668 941 716 qua
977 667 1026 695 se
1062 648 1318 694 Turnebus
1357 657 1461 694 tue-

135 744 247 793 tur,
287 733 507 783 Gutherii
545 735 775 787 voluntati
813 735 946 784 facile
982 734 1334 783 anteferendam
1373 733 1461 780 <le-

135 831 325 870 cernent
360 824 450 871 viri
487 822 634 871 docti.
676 823 751 870 Ad
788 824 940 872 haec:
986 821 1186 889 intelligi
1224 824 1323 868 sinc
1360 840 1463 869 mo·-

137 913 266 959 tione
302 909 458 977 aliqua
496 910 664 977 nequit
698 910 1018 976 Virgilianum
1056 909 1219 957 illud:

194 1032 206 1042 .
252 1032 261 1040 .
309 1032 319 1041 .
365 1031 376 1042 .
421 996 639 1063 Qualis,
680 1001 977 1056 commotis,
1017 999 1193 1046 excita
1229 1000 1394 1047 sacris

196 1080 393 1141 Thras.

136 1185 229 1214 non
267 1167 581 1235 Horatianum
614 1162 776 1219 illud:

265 1290 279 1300 .
323 1291 335 1300 .
377 1253 498 1304 Non
535 1275 626 1321 ego
665 1268 711 1306 te
736 1294 749 1318 ,
787 1258 1009 1307 candide
1035 1259 1340 1321 Bassaret’,

263 1339 476 1392 Invitam
513 1347 751 1413 quatiam.

206 1424 301 1475 Sed
336 1445 396 1476 ne
431 1429 522 1494 ipsi
567 1448 652 1478 nos
687 1431 835 1478 frusta
872 1427 1052 1480 (liutius
1099 1435 1150 1481 in
1186 1434 1340 1482 recula
1374 1435 1464 1484 hu-

136 1512 343 1563 iusmodi
377 1517 604 1564 iactemus
627 1554 641 1578 ,
698 1534 799 1566 rem
834 1525 976 1567 totam
1015 1522 1208 1587 expedit
1241 1522 1460 1570 Ammia-

137 1620 225 1651 nus
260 1604 564 1653 Marcellinus
602 1605 697 1671 (ἃ).
741 1605 1150 1666 ConstraoeimuS,
1177 1609 1348 1674 inquit,
1390 1612 1465 1659 ad

140 1689 379 1740 Cortinae
429 1695 798 1743 similitudinem
837 1693 1116 1760 Delphicae
1142 1732 1157 1755 ‚
1208 1697 1464 1744 MENSV-

136 1776 276 1824 LAM
299 1817 312 1840 ‚
370 1799 436 1829 ac
473 1793 826 1832 consecratam
876 1781 1181 1831 MOVIMVS
1236 1787 1460 1835 tandem.

136 1862 199 1910 Et
236 1883 295 1912 ne
331 1866 392 1915 de
430 1885 543 1915 voce
580 1873 816 1917 movimus
841 1866 1045 1918 dubium
1079 1870 1225 1932 foret,
1247 1874 1364 1938 quin
1401 1873 1464 1921 ad.

136 1968 335 2000 sacram
370 1953 569 2022 aliquod
605 1964 725 2003 esset
760 1954 1004 2004 referenda
1030 1995 1045 2018 ,
1106 1959 1279 2024 subdit‘
1323 1978 1348 2008 e
1384 1978 1463 2010 ve—

138 2038 275 2105 stigio
303 2059 314 2088 :
354 2040 663 2090 MOVENDI
700 2053 868 2108 autem
895 2081 910 2104 ‚
964 2050 1159 2113 quoties
1192 2064 1349 2113 super
1379 2068 1461 2097 re-

135 2122 226 2172 bus
262 2131 470 2181 arcanis
507 2127 869 2178 consulebatur
896 2166 912 2192 ,
950 2142 1061 2182 erac
1095 2136 1339 2184 institutio
1373 2145 1454 2186 ta-

248 2400 309 2455 (a)
337 2401 430 2444 Lib.
462 2402 619 2446 xxm.
