1596 2734
1401 163 1465 213 27

785 253 833 284 2.

633 340 759 390 Sex.
800 336 990 388 AeLIO
1030 372 1122 421 Cos

635 409 691 457 C.
732 407 973 456 SENTIO

577 495 649 543 M.
688 494 855 543 STAI.
897 494 1050 543 RVFI

462 581 569 630 CN.
607 579 967 629 MELISSAEI.
1008 579 1160 628 APRI

531 665 594 713 D.
633 666 697 714 V.
738 664 777 711 I.
816 666 878 712 D.
921 665 1074 713 ITER

658 752 986 801 NOVATVM

222 841 342 887 Cum
378 840 521 906 igitur
555 840 667 887 Sex.
695 840 819 886 Aelii
856 856 965 886 cum
1000 838 1056 884 C.
1094 836 1258 885 Sentio
1295 835 1474 883 Consu-

157 925 278 972 latus
316 925 493 973 ineidat
547 925 594 971 in
631 942 708 972 an.
765 925 827 970 V.
867 924 924 971 C.
969 924 1103 992 7573
1165 923 1317 989 palam
1359 932 1429 969 est
1455 960 1471 982 ,

157 1013 245 1059 hoc
281 1029 403 1058 anno
441 1010 608 1061 IIviros
642 1016 812 1061 iterum
830 1012 1106 1078 processisse
1141 1021 1352 1069 nostros,
1390 1008 1476 1055 ad-

157 1115 304 1163 eoque
361 1099 529 1154 03,u8<56cs
584 1116 608 1144 a
645 1100 801 1164 priore
861 1097 1057 1146 IIviratu
1087 1135 1099 1155 ‚
1165 1098 1246 1164 qui
1281 1096 1376 1142 illis
1414 1095 1475 1141 ad

154 1202 229 1231 an.
272 1182 386 1251 756.
429 1184 642 1250 contigit.
703 1185 975 1249 Pompeiani
1015 1190 1255 1249 propterea
1306 1181 1471 1243 tituli,

155 1271 312 1320 iterati
347 1270 484 1317 huius
520 1270 747 1318 IIviratus
781 1280 890 1317 nota
925 1271 1136 1337 insigniti
1165 1309 1177 1331 ,
1238 1271 1471 1338 su'vxfovoz

159 1375 317 1405 omnes
356 1355 582 1404 habendi.
642 1355 789 1416 Quod
825 1374 933 1406 vero
971 1356 1175 1406 IIvirum
1213 1366 1477 1404 nostrorum

157 1443 276 1490 alter
313 1442 446 1490 alteri
469 1461 554 1509 per
587 1446 710 1491 vices
745 1452 957 1508 praeeat,
986 1453 1040 1490 ut
1075 1444 1244 1508 passim
1268 1444 1317 1490 in
1343 1443 1478 1490 Pom-

151 1529 348 1596 peianis,
374 1530 427 1578 id
462 1547 556 1577 non
581 1532 722 1577 unius
745 1533 823 1582 τῆς
860 1531 1108 1587 &movemus
1146 1546 1270 1577 ενεκοι
1297 1530 1472 1577 factum

156 1615 396 1677 dicimus,
457 1618 591 1683 quod.
627 1617 740 1664 olim
775 1617 1016 1664 innuimus
1045 1655 1059 1677 ,
1121 1616 1203 1664 sed
1239 1634 1290 1663 ea
1330 1619 1472 1666 etiam

159 1702 221 1750 de
259 1720 419 1751 caussa
442 1742 455 1764 ,
495 1704 627 1770 quod
663 1722 770 1751 cum
803 1702 988 1752 alternis
1023 1707 1139 1769 reip.
1180 1714 1472 1770 praeessent,

155 1789 285 1855 prior
320 1790 390 1838 illi
427 1790 557 1838 locus
611 1791 797 1839 dandus
819 1829 832 1851 ‚
855 1791 938 1856 qui
972 1799 1079 1840 actu
1111 1791 1159 1839 in
1196 1796 1472 1861 magistratu

155 1885 269 1923 erat.
312 1875 414 1925 Nec
449 1878 532 1924 abs
569 1896 618 1925 re
656 1878 953 1944 epigraphica
976 1871 1178 1928 alienum
1215 1881 1354 1928 fuerit
1388 1882 1473 1928 ob-

155 1980 339 2013 servare
364 2000 378 2023 ‚
416 1974 579 2012 notam
617 1965 907 2013 numeralem
944 1971 1122 2016 iterum
1149 2007 1162 2028 ,
1203 1987 1323 2036 quae
1358 1968 1471 2016 alias

157 2066 306 2096 unum
343 2049 482 2098 illum
520 2052 653 2098 afficit
679 2090 694 2112 ,
734 2054 807 2099 cui
844 2055 1059 2118 proxime
1091 2054 1298 2103 inhaetret
1333 2092 1346 2113 ,
1409 2056 1472 2103 ad

158 2145 421 2203 utrumque
472 2137 682 2188 IIvirum
737 2150 954 2189 nostrum
999 2136 1111 2189 'sine
1171 2145 1469 2205 cunctatione

154 2240 250 2270 esse
288 2222 600 2271 referendam.
663 2225 736 2273 De
792 2244 905 2277 voce
961 2246 1085 2278 nunc
1136 2231 1469 2280 NOVATVM

154 2308 310 2370 paullo
348 2312 586 2375 operosius
609 2313 971 2380 inquirendum,
995 2335 1139 2383 quam
1175 2329 1221 2365 et
1258 2321 1306 2366 in
1343 2336 1467 2366 mar-

149 2407 276 2440 more
313 2396 405 2444 alio
442 2398 727 2465 Pompeiano
763 2402 1084 2468 offendimus,
1106 2406 1234 2472 quod
1271 2414 1340 2457 est
1375 2406 1467 2454 hue

149 2478 347 2525 iusmodi
381 2501 393 2527 ε
