1596 2734
118 170 184 234 42

186 254 316 305 Gens
350 255 588 308 Perenna
621 256 824 305 occurrit
866 257 916 308 in
953 255 1160 307 Grutero
1195 256 1295 325 (1).
1335 258 1432 308 Sed

112 346 282 392 rectius
318 361 371 392 ea
395 344 584 393 fortasse
617 345 668 393 in
691 346 997 396 Perenniam
1031 364 1087 419 ox
1113 346 1252 395 titulo
1289 347 1430 395 Pom-

110 433 281 498 peiano
313 431 599 481 recudenda.
641 432 859 481 Occurrit
893 433 1005 482 item
1039 421 1168 500 opud
1193 431 1422 480 eumdem

109 535 226 584 gens
263 520 464 569 Obellia
499 520 592 588 (2).
632 520 703 567 M.
746 521 1034 588 Pomponius
1071 519 1352 582 Marcellus,
1381 529 1427 568 et

105 601 172 652 L.
211 604 427 656 Valerius
461 606 657 655 Flaccus
706 605 839 659 flviri
872 607 916 654 I.
957 607 1244 674 D.Pompeis
1280 607 1428 672 prod-

107 700 222 738 eunt
255 694 429 740 iterum
463 693 513 739 in
548 693 687 741 titulo
721 693 861 742 allato
896 694 956 742 ad
992 712 1102 762 pag.
1150 695 1225 740 18.
1270 692 1415 740 Com-

107 778 329 826 mentarii
364 782 416 826 in
452 777 621 829 Sacra
654 781 1002 848 Pompeiorum
1028 819 1042 841 ,
1094 781 1179 847 qui
1212 797 1323 828 sane
1359 780 1424 827 ti-

106 865 238 915 tulus
277 866 337 912 ad
375 883 551 914 annum
583 868 909 934 insequentem
959 865 1057 934 755
1095 867 1321 934 respicit,
1369 876 1422 915 'ut

102 952 402 1018 perspicuum
439 962 509 1001 est
545 972 602 1002 ex
637 954 898 1002 Consulatu
934 953 990 1000 P.
1027 954 1183 1002 Alfeni
1220 971 1329 1002 cum
1350 953 1406 1001 P.

111 1039 320 1087 Vinicio.
351 1040 613 1107 Curigitur
637 1041 769 1089 alteri
802 1041 911 1089 huic
928 1051 1198 1090 nostrorum
1232 1041 1422 1089 Duum-

107 1127 278 1174 viratui
317 1128 489 1173 omissa
523 1128 750 1191 particula
783 1127 1001 1177 iterum?
1038 1127 1099 1174 Id
1135 1128 1324 1175 fortasse
1360 1144 1418 1175 ex

107 1228 160 1258 eo
197 1212 370 1259 factum
395 1250 409 1273 ‚
447 1211 575 1278 quod
610 1212 737 1260 tituli
761 1221 968 1278 tempore
993 1213 1104 1262 novi
1136 1212 1262 1262 Hviri
1281 1215 1422 1261 Pom·

109 1298 207 1362 pois
266 1298 421 1363 aliqua
477 1288 537 1346 do
584 1316 740 1347 caussa
788 1299 1003 1347 nondum
1048 1311 1406 1364 processerant,

107 1385 554 1452 Duumviratusque
589 1394 856 1438 nostrorum
881 1394 1139 1452 protractus
1162 1386 1411 1451 tantisper,

105 1489 198 1517 non
235 1473 533 1520 confirmatus
569 1473 737 1521 fuerat.
779 1471 857 1520 Ad.
892 1491 991 1521 rem
1020 1481 1226 1520 nostram
1251 1511 1266 1537 ,
1287 1490 1410 1538 quae

106 1558 284 1606 faciunt
319 1561 552 1621 mirifice,
589 1560 704 1610 haec
737 1562 892 1610 omnia
928 1569 1054 1608 sunt.

182 1664 224 1692 1.
248 1646 467 1696 flIc'nistri
499 1646 718 1714 Augusti
752 1657 844 1696 tres
873 1686 886 1709 ,
923 1646 1163 1712 iidemque
1200 1646 1408 1695 trinomii

108 1749 290 1780 omnes.

178 1835 223 1865 2.
264 1818 518 1870 Duumviri
545 1820 606 1866 V.
635 1822 694 1869 A.
720 1820 771 1869 S.
794 1821 848 1868 P.
876 1821 928 1868 P.
952 1821 1057 1868 anni
1094 1819 1196 1889 755
1223 1821 1423 1870 aliiom-

113 1904 225 1950 nino
261 1915 368 1952 sunt
403 1925 428 1953 a
465 1907 613 1958 llviris
660 1909 722 1954 V.
761 1908 822 1955 A.
863 1906 916 1955 S.
960 1908 1013 1954 P.
1055 1907 1107 1953 P.
1165 1910 1272 1955 anni
1311 1928 1421 1974 prov-¹

105 1990 233 2040 xime
271 1995 591 2043 antecedentis
620 1996 739 2063 754,
780 2004 825 2044 et
850 2015 875 2044 a
905 1994 1059 2050 ssviris
1088 1995 1145 2042 V.
1171 1995 1413 2044 A.S.P.P,
