1596 2734
152 217 186 264 6

152 319 289 350 mum
318 338 332 360 ‚
395 315 497 354 esse*
528 314 658 364 posse
686 336 701 358 ,
761 299 936 364 praeire
973 296 1106 345 nullo
1140 305 1274 363 pacto
1309 314 1463 363 posse*⁰

154 389 256 436 Hoc
317 386 554 454 siquidem
597 402 718 434 anno
743 421 754 441 ,
803 402 897 432 non
948 394 1083 443 ante,
1121 395 1225 449 post
1262 384 1468 432 debella-

152 484 260 521 tum
307 473 565 521 Antonium
594 509 609 532 ,
665 479 850 518 auctore
885 469 1096 516 Munatio
1132 469 1304 518 Planco
1333 507 1345 527 ‚
1403 468 1472 515 O·-

152 561 331 610 ctavius
360 598 374 620 ‚
412 557 472 606 de
507 555 707 606 Senatus
744 558 1003 616 sententia,
1042 555 1333 604 AVGVSTI
1380 573 1471 603 no.-

150 648 279 694 mine
315 654 476 693 auctus
513 654 598 692 est.
622 643 945 704 Quamobrem
967 642 1127 691 Cluvii
1162 643 1475 695 Consulatum

153 748 267 778 cum
302 730 357 776 P.
398 729 569 777 Clodio
602 767 616 791 ‚
655 746 799 797 quem
834 728 895 776 ad
932 744 1111 775 annum
1149 728 1247 795 725
1284 766 1300 789 ‚
1357 729 1472 780 Jan„

153 818 338 865 sonium
372 815 697 881 imprudentes
733 815 957 880 sequuti,
977 810 1223 863 retulimus
1246 815 1352 864 loco
1388 833 1469 863 su-

151 923 237 972 pra
273 905 410 951 citato
431 940 444 962 ,
484 901 547 949 de·
578 901 683 949 loeo
719 919 813 949 non
850 919 934 949 suo
970 918 1093 949 nunc
1128 901 1469 964 deturbamus,

154 992 627 1058 opportunioremque
661 989 753 1038 sibi
789 1006 1010 1056 quaerere
1047 990 1309 1050 sancimus,
1338 989 1467 1056 quod

153 1081 203 1125 in
239 1096 292 1126 eo
327 1077 541 1128 Ministri
581 1078 843 1126 For-tanae
891 1075 1154 1142 Augustae
1191 1085 1459 1126 accurrunt.

129 1165 280 1213 ‘Ecce
316 1165 489 1211 iterum
526 1162 614 1210 tibi
651 1161 773 1211 illud
798 1181 811 1208 ;

793 1317 839 1345 2,

366 1419 741 1491 MARTIALIS.
782 1419 837 1468 c.
880 1417 1050 1466 OLLI.
1091 1418 1282 1468 PRIMI

398 1507 560 1555 MAN.
602 1505 932 1555 sALARws,
974 1506 1222 1555 CRocvs

330 1593 779 1643 PRIMIGENIVS.
822 1593 880 1640 c,
922 1592 1086 1640 OLLI.
1125 1594 1310 1643 PRIMI

446 1679 589 1728 MIN.
630 1680 1007 1729 FORTVNAE.
1044 1680 1182 1727 Ave

723 1766 910 1815 Ivssv

163 1857 226 1915 Q.
249 1851 556 1903 POSTVMI.
588 1853 902 1902 MODESTI.
933 1854 990 1903 c,
1012 1851 1162 1900 VIBI.
1185 1853 1473 1907 SECUNm

488 1982 496 1991 .
662 1942 724 1990 D.
766 1942 828 1987 V.
870 1943 914 1988 I.
954 1942 996 1989 D

165 2024 1472 2084 (ΞΜΕΙὛΠὛΙΙᾸΣΤΝΙΛΝΙΩΒΙΝΤΤΙ.ΒΑΙΛΒΙ.ΑΕΙΠΙι.ἱ

365 2126 427 2155 m.
469 2104 697 2156 elVVIO.
737 2106 787 2154 P„
830 2105 1085 2154 CLODIO.
1125 2104 1245 2153 COS

234 2193 306 2240 De
340 2194 546 2241 Antonio
578 2231 592 2253 ,
631 2209 737 2241 cum
773 2194 931 2241 adhuc
965 2194 1010 2239 in
1048 2192 1264 2240 Armenia
1303 2202 1421 2241 esset
1449 2231 1465 2252 ,

168 2278 281 2326 haec
318 2279 459 2328 habet
496 2280 587 2328 Dio
606 2280 795 2328 Cassius
818 2281 931 2347 (1);
963 2280 1289 2330 Consulatum
1323 2282 1472 2329 simul

823 2411 955 2422 -—

277 2466 341 2520 (ι)
375 2467 464 2507 Lib.
505 2468 656 2510 xmx,
696 2468 797 2523 cap.
838 2470 878 2520 4.
