<?xml version="1.0" encoding="UTF-8"?>
<!DOCTYPE html PUBLIC "-//W3C//DTD XHTML 1.0 Transitional//EN"
    "http://www.w3.org/TR/xhtml1/DTD/xhtml1-transitional.dtd">
<html xmlns="http://www.w3.org/1999/xhtml" xml:lang="en" lang="en">
 <head>
  <title>
</title>
<meta http-equiv="Content-Type" content="text/html;charset=utf-8" />
  <meta name='ocr-system' content='tesseract 3.04.00' />
  <meta name='ocr-capabilities' content='ocr_page ocr_carea ocr_par ocr_line ocrx_word'/>
</head>
<body>
  <div class='ocr_page' id='page_1' title='image "./pompeiorumauctar00guar_0032.png"; bbox 0 0 1596 2734; ppageno 0'>
   <div class='ocr_carea' id='block_1_1' title="bbox 144 184 1470 2496">
    <p class='ocr_par' dir='ltr' id='par_1_1' title="bbox 149 184 212 231">
     <span class='ocr_line' id='line_1_1' title="bbox 149 184 212 231; baseline 0 0"><span class='ocrx_word' id='word_1_1' title='bbox 149 184 212 231; x_wconf 82' lang='lat'><em>30</em></span> 
     </span>
    </p>

    <p class='ocr_par' dir='ltr' id='par_1_2' title="bbox 145 270 1469 946">
     <span class='ocr_line' id='line_1_2' title="bbox 224 270 1467 341; baseline 0.002 -22"><span class='ocrx_word' id='word_1_2' title='bbox 224 289 267 320; x_wconf 76' lang='grc' dir='ltr'><em>ι.</em></span> <span class='ocrx_word' id='word_1_3' title='bbox 307 270 674 322; x_wconf 76' lang='lat' dir='ltr'><em>Institutionem</em></span> <span class='ocrx_word' id='word_1_4' title='bbox 709 288 819 341; x_wconf 85' lang='lat' dir='ltr'><em>ergo</em></span> <span class='ocrx_word' id='word_1_5' title='bbox 854 289 1113 333; x_wconf 73' lang='lat' dir='ltr'><em>sacrorum</em></span> <span class='ocrx_word' id='word_1_6' title='bbox 1170 291 1272 323; x_wconf 84' lang='lat' dir='ltr'><em>eam</em></span> <span class='ocrx_word' id='word_1_7' title='bbox 1307 272 1467 321; x_wconf 77' lang='lat' dir='ltr'><em>animo</em></span> 
     </span>
     <span class='ocr_line' id='line_1_3' title="bbox 145 358 1459 427; baseline 0.002 -22"><span class='ocrx_word' id='word_1_8' title='bbox 145 367 417 420; x_wconf 79' lang='lat' dir='ltr'><em>teneamus,</em></span> <span class='ocrx_word' id='word_1_9' title='bbox 454 376 548 425; x_wconf 85' lang='lat' dir='ltr'><em>qua</em></span> <span class='ocrx_word' id='word_1_10' title='bbox 585 365 902 427; x_wconf 79' lang='lat' dir='ltr'><em>precationes</em></span> <span class='ocrx_word' id='word_1_11' title='bbox 937 358 1138 420; x_wconf 68' lang='lat' dir='ltr'><em>certae,</em></span> <span class='ocrx_word' id='word_1_12' title='bbox 1177 362 1459 410; x_wconf 74' lang='lat' dir='ltr'><em>sollemnes—</em></span> 
     </span>
     <span class='ocr_line' id='line_1_4' title="bbox 151 440 1469 515; baseline 0.002 -22"><span class='ocrx_word' id='word_1_13' title='bbox 151 463 249 513; x_wconf 78' lang='lat' dir='ltr'><em>que</em></span> <span class='ocrx_word' id='word_1_14' title='bbox 275 482 289 504; x_wconf 59' lang='lat'>2</span> <span class='ocrx_word' id='word_1_15' title='bbox 349 458 566 512; x_wconf 72' lang='lat' dir='ltr'><em>tempore</em></span> <span class='ocrx_word' id='word_1_16' title='bbox 590 484 605 507; x_wconf 81' lang='lat'>,</span> <span class='ocrx_word' id='word_1_17' title='bbox 659 457 750 496; x_wconf 76' lang='lat' dir='ltr'><em>aut</em></span> <span class='ocrx_word' id='word_1_18' title='bbox 782 440 924 497; x_wconf 72' lang='lat' dir='ltr'><em>libita</em></span> <span class='ocrx_word' id='word_1_19' title='bbox 952 486 967 509; x_wconf 87' lang='lat'><em>.,</em></span> <span class='ocrx_word' id='word_1_20' title='bbox 1023 448 1330 515; x_wconf 79' lang='lat' dir='ltr'><em>repetendae</em></span> <span class='ocrx_word' id='word_1_21' title='bbox 1361 451 1469 515; x_wconf 77' lang='lat' dir='ltr'><em>pri-</em></span> 
     </span>
     <span class='ocr_line' id='line_1_5' title="bbox 146 535 1468 601; baseline 0.002 -20"><span class='ocrx_word' id='word_1_22' title='bbox 146 538 294 582; x_wconf 74' lang='lat' dir='ltr'><em>mitus</em></span> <span class='ocrx_word' id='word_1_23' title='bbox 331 543 621 583; x_wconf 68' lang='lat' dir='ltr'><em>statuuntur*</em></span> <span class='ocrx_word' id='word_1_24' title='bbox 659 535 730 582; x_wconf 80' lang='lat' dir='ltr'><em>ad</em></span> <span class='ocrx_word' id='word_1_25' title='bbox 746 535 901 584; x_wconf 74' lang='lat' dir='ltr'><em>‘Deos</em></span> <span class='ocrx_word' id='word_1_26' title='bbox 935 536 1309 597; x_wconf 79' lang='lat' dir='ltr'><em>consulendos,</em></span> <span class='ocrx_word' id='word_1_27' title='bbox 1358 536 1468 601; x_wconf 81' lang='lat' dir='ltr'><em>pla-</em></span> 
     </span>
     <span class='ocr_line' id='line_1_6' title="bbox 151 620 1469 688; baseline 0 -20"><span class='ocrx_word' id='word_1_28' title='bbox 151 620 401 668; x_wconf 62' lang='lat' dir='ltr'><em>candos-ve</em></span> <span class='ocrx_word' id='word_1_29' title='bbox 429 658 442 681; x_wconf 86' lang='lat'>,</span> <span class='ocrx_word' id='word_1_30' title='bbox 482 630 573 669; x_wconf 78' lang='lat' dir='ltr'><em>aut</em></span> <span class='ocrx_word' id='word_1_31' title='bbox 609 631 872 688; x_wconf 75' lang='lat' dir='ltr'><em>utrumque</em></span> <span class='ocrx_word' id='word_1_32' title='bbox 905 625 1071 671; x_wconf 72' lang='lat' dir='ltr'><em>simul.</em></span> <span class='ocrx_word' id='word_1_33' title='bbox 1112 622 1237 669; x_wconf 89' lang='lat' dir='ltr'><em>Cum</em></span> <span class='ocrx_word' id='word_1_34' title='bbox 1271 621 1469 670; x_wconf 78' lang='lat' dir='ltr'><em>redeunt</em></span> 
     </span>
     <span class='ocr_line' id='line_1_7' title="bbox 145 706 1468 770; baseline 0.002 -19"><span class='ocrx_word' id='word_1_35' title='bbox 145 706 433 770; x_wconf 79' lang='lat' dir='ltr'><em>precationes</em></span> <span class='ocrx_word' id='word_1_36' title='bbox 469 706 742 755; x_wconf 89' lang='lat' dir='ltr'><em>huiusmodi</em></span> <span class='ocrx_word' id='word_1_37' title='bbox 793 707 930 754; x_wconf 80' lang='lat' dir='ltr'><em>certis</em></span> <span class='ocrx_word' id='word_1_38' title='bbox 965 707 1131 755; x_wconf 81' lang='lat' dir='ltr'><em>ritibus</em></span> <span class='ocrx_word' id='word_1_39' title='bbox 1160 745 1174 768; x_wconf 80' lang='lat'>,</span> <span class='ocrx_word' id='word_1_40' title='bbox 1226 708 1468 755; x_wconf 84' lang='lat' dir='ltr'><em>sollemni—</em></span> 
     </span>
     <span class='ocr_line' id='line_1_8' title="bbox 145 792 1464 859; baseline 0.002 -21"><span class='ocrx_word' id='word_1_41' title='bbox 145 792 332 858; x_wconf 80' lang='lat' dir='ltr'><em>busque</em></span> <span class='ocrx_word' id='word_1_42' title='bbox 386 792 699 843; x_wconf 80' lang='lat' dir='ltr'><em>absolvendae</em></span> <span class='ocrx_word' id='word_1_43' title='bbox 726 831 741 854; x_wconf 80' lang='lat'>,</span> <span class='ocrx_word' id='word_1_44' title='bbox 796 802 910 840; x_wconf 88' lang='lat' dir='ltr'><em>tunc</em></span> <span class='ocrx_word' id='word_1_45' title='bbox 974 811 1081 841; x_wconf 82' lang='lat' dir='ltr'><em>vere</em></span> <span class='ocrx_word' id='word_1_46' title='bbox 1107 831 1119 851; x_wconf 88' lang='lat'>,</span> <span class='ocrx_word' id='word_1_47' title='bbox 1148 802 1156 810; x_wconf 83' lang='lat'>‘</span> <span class='ocrx_word' id='word_1_48' title='bbox 1184 795 1464 859; x_wconf 79' lang='lat' dir='ltr'><em>proprieque</em></span> 
     </span>
     <span class='ocr_line' id='line_1_9' title="bbox 149 879 1315 946; baseline 0.003 -21"><span class='ocrx_word' id='word_1_49' title='bbox 149 883 324 928; x_wconf 74' lang='lat' dir='ltr'><em>novari</em></span> <span class='ocrx_word' id='word_1_50' title='bbox 346 916 358 937; x_wconf 85' lang='lat'><em>.,</em></span> <span class='ocrx_word' id='word_1_51' title='bbox 398 887 479 926; x_wconf 82' lang='lat' dir='ltr'><em>aut</em></span> <span class='ocrx_word' id='word_1_52' title='bbox 514 884 751 928; x_wconf 72' lang='lat' dir='ltr'><em>renovari</em></span> <span class='ocrx_word' id='word_1_53' title='bbox 784 896 937 928; x_wconf 74' lang='lat' dir='ltr'><em>saera</em></span> <span class='ocrx_word' id='word_1_54' title='bbox 971 879 1315 946; x_wconf 78' lang='lat' dir='ltr'><em>intelliguntur.</em></span> 
     </span>
    </p>

    <p class='ocr_par' dir='ltr' id='par_1_3' title="bbox 144 965 1469 2157">
     <span class='ocr_line' id='line_1_10' title="bbox 217 965 1467 1030; baseline 0.002 -18"><span class='ocrx_word' id='word_1_55' title='bbox 217 983 266 1012; x_wconf 87' lang='lat'><em>2.</em></span> <span class='ocrx_word' id='word_1_56' title='bbox 307 966 369 1012; x_wconf 85' lang='lat' dir='ltr'><em>At</em></span> <span class='ocrx_word' id='word_1_57' title='bbox 403 965 521 1030; x_wconf 85' lang='lat' dir='ltr'><em>quid</em></span> <span class='ocrx_word' id='word_1_58' title='bbox 543 1004 557 1025; x_wconf 81' lang='lat'>‚</span> <span class='ocrx_word' id='word_1_59' title='bbox 620 965 803 1029; x_wconf 82' lang='lat' dir='ltr'><em>inquies</em></span> <span class='ocrx_word' id='word_1_60' title='bbox 827 1004 839 1024; x_wconf 82' lang='lat'>‚</span> <span class='ocrx_word' id='word_1_61' title='bbox 896 982 1202 1013; x_wconf 76' lang='lat' dir='ltr'><em>commovere</em></span> <span class='ocrx_word' id='word_1_62' title='bbox 1258 983 1413 1014; x_wconf 77' lang='lat' dir='ltr'><em>sacra</em></span> <span class='ocrx_word' id='word_1_63' title='bbox 1438 969 1467 1014; x_wconf 70' lang='grc' dir='ltr'><em>Ρ</em></span> 
     </span>
     <span class='ocr_line' id='line_1_11' title="bbox 146 1051 1468 1117; baseline -0.001 -18"><span class='ocrx_word' id='word_1_64' title='bbox 146 1069 320 1117; x_wconf 85' lang='lat' dir='ltr'><em>nempe</em></span> <span class='ocrx_word' id='word_1_65' title='bbox 358 1051 420 1100; x_wconf 87' lang='lat' dir='ltr'><em>ad</em></span> <span class='ocrx_word' id='word_1_66' title='bbox 456 1060 718 1115; x_wconf 85' lang='lat' dir='ltr'><em>utrumque</em></span> <span class='ocrx_word' id='word_1_67' title='bbox 757 1051 804 1098; x_wconf 91' lang='lat' dir='ltr'><em>id</em></span> <span class='ocrx_word' id='word_1_68' title='bbox 844 1052 1081 1115; x_wconf 78' lang='lat' dir='ltr'><em>pertinet,</em></span> <span class='ocrx_word' id='word_1_69' title='bbox 1120 1054 1468 1101; x_wconf 74' lang='lat' dir='ltr'><em>institutionem</em></span> 
     </span>
     <span class='ocr_line' id='line_1_12' title="bbox 149 1137 1469 1203; baseline 0.002 -20"><span class='ocrx_word' id='word_1_70' title='bbox 149 1146 260 1203; x_wconf 83' lang='lat' dir='ltr'><em>puta</em></span> <span class='ocrx_word' id='word_1_71' title='bbox 282 1174 296 1196; x_wconf 87' lang='lat'>‚</span> <span class='ocrx_word' id='word_1_72' title='bbox 364 1141 774 1201; x_wconf 71' lang='lat' dir='ltr'><em>novationemque</em></span> <span class='ocrx_word' id='word_1_73' title='bbox 809 1153 1073 1184; x_wconf 75' lang='lat' dir='ltr'><em>sacrorum</em></span> <span class='ocrx_word' id='word_1_74' title='bbox 1097 1173 1109 1193; x_wconf 75' lang='lat'>,</span> <span class='ocrx_word' id='word_1_75' title='bbox 1166 1137 1235 1183; x_wconf 90' lang='lat' dir='ltr'><em>uti</em></span> <span class='ocrx_word' id='word_1_76' title='bbox 1269 1156 1372 1203; x_wconf 84' lang='lat' dir='ltr'><em>pars</em></span> <span class='ocrx_word' id='word_1_77' title='bbox 1408 1138 1469 1186; x_wconf 85' lang='lat' dir='ltr'><em>ad.</em></span> 
     </span>
     <span class='ocr_line' id='line_1_13' title="bbox 147 1221 1468 1289; baseline 0.001 -19"><span class='ocrx_word' id='word_1_78' title='bbox 147 1233 304 1271; x_wconf 80' lang='lat' dir='ltr'><em>totum</em></span> <span class='ocrx_word' id='word_1_79' title='bbox 341 1222 687 1289; x_wconf 81' lang='lat' dir='ltr'><em>integrandum.</em></span> <span class='ocrx_word' id='word_1_80' title='bbox 744 1221 958 1268; x_wconf 85' lang='lat' dir='ltr'><em>Caeteras</em></span> <span class='ocrx_word' id='word_1_81' title='bbox 994 1237 1197 1286; x_wconf 86' lang='lat' dir='ltr'><em>namque</em></span> <span class='ocrx_word' id='word_1_82' title='bbox 1232 1224 1356 1270; x_wconf 84' lang='lat' dir='ltr'><em>inter</em></span> <span class='ocrx_word' id='word_1_83' title='bbox 1391 1243 1468 1273; x_wconf 86' lang='lat' dir='ltr'><em>ce-</em></span> 
     </span>
     <span class='ocr_line' id='line_1_14' title="bbox 148 1306 1467 1372; baseline -0.001 -14"><span class='ocrx_word' id='word_1_84' title='bbox 148 1310 408 1358; x_wconf 83' lang='lat' dir='ltr'><em>raemonias</em></span> <span class='ocrx_word' id='word_1_85' title='bbox 444 1309 505 1356; x_wconf 82' lang='lat' dir='ltr'><em>ad</em></span> <span class='ocrx_word' id='word_1_86' title='bbox 541 1309 664 1355; x_wconf 89' lang='lat' dir='ltr'><em>Deos</em></span> <span class='ocrx_word' id='word_1_87' title='bbox 689 1306 1036 1355; x_wconf 87' lang='lat' dir='ltr'><em>conciliandum</em></span> <span class='ocrx_word' id='word_1_88' title='bbox 1062 1308 1322 1372; x_wconf 87' lang='lat' dir='ltr'><em>praefinitas</em></span> <span class='ocrx_word' id='word_1_89' title='bbox 1341 1346 1355 1367; x_wconf 74' lang='grc'><em>,</em></span> <span class='ocrx_word' id='word_1_90' title='bbox 1380 1327 1467 1358; x_wconf 80' lang='lat' dir='ltr'><em>sa-</em></span> 
     </span>
     <span class='ocr_line' id='line_1_15' title="bbox 144 1392 1467 1462; baseline -0.002 -16"><span class='ocrx_word' id='word_1_91' title='bbox 144 1415 353 1447; x_wconf 76' lang='lat' dir='ltr'><em>crorum</em></span> <span class='ocrx_word' id='word_1_92' title='bbox 387 1412 576 1462; x_wconf 86' lang='lat' dir='ltr'><em>quoque</em></span> <span class='ocrx_word' id='word_1_93' title='bbox 637 1397 951 1443; x_wconf 80' lang='lat' dir='ltr'><em>commotioni</em></span> <span class='ocrx_word' id='word_1_94' title='bbox 985 1392 1115 1440; x_wconf 87' lang='lat' dir='ltr'><em>locus</em></span> <span class='ocrx_word' id='word_1_95' title='bbox 1151 1403 1284 1452; x_wconf 88' lang='lat' dir='ltr'><em>erat;</em></span> <span class='ocrx_word' id='word_1_96' title='bbox 1348 1413 1467 1460; x_wconf 90' lang='lat' dir='ltr'><em>quae</em></span> 
     </span>
     <span class='ocr_line' id='line_1_16' title="bbox 152 1480 1462 1546; baseline -0.002 -13"><span class='ocrx_word' id='word_1_97' title='bbox 152 1487 325 1534; x_wconf 84' lang='lat' dir='ltr'><em>iterum</em></span> <span class='ocrx_word' id='word_1_98' title='bbox 362 1483 450 1531; x_wconf 82' lang='lat' dir='ltr'><em>alia</em></span> <span class='ocrx_word' id='word_1_99' title='bbox 487 1480 702 1530; x_wconf 85' lang='lat' dir='ltr'><em>habenda</em></span> <span class='ocrx_word' id='word_1_100' title='bbox 750 1499 776 1529; x_wconf 82' lang='lat' dir='ltr'><em>a</em></span> <span class='ocrx_word' id='word_1_101' title='bbox 829 1497 1090 1530; x_wconf 76' lang='lat' dir='ltr'><em>sacrorum</em></span> <span class='ocrx_word' id='word_1_102' title='bbox 1137 1487 1413 1546; x_wconf 78' lang='lat' dir='ltr'><em>gestatione</em></span> <span class='ocrx_word' id='word_1_103' title='bbox 1448 1501 1462 1540; x_wconf 91' lang='lat'>;</span> 
     </span>
     <span class='ocr_line' id='line_1_17' title="bbox 151 1567 1466 1639; baseline -0.005 -18"><span class='ocrx_word' id='word_1_104' title='bbox 151 1573 286 1639; x_wconf 85' lang='lat' dir='ltr'><em>quod</em></span> <span class='ocrx_word' id='word_1_105' title='bbox 322 1570 556 1639; x_wconf 86' lang='lat' dir='ltr'><em>posterius</em></span> <span class='ocrx_word' id='word_1_106' title='bbox 594 1570 642 1616; x_wconf 88' lang='lat' dir='ltr'><em>in</em></span> <span class='ocrx_word' id='word_1_107' title='bbox 678 1567 868 1615; x_wconf 84' lang='lat' dir='ltr'><em>Iunonis</em></span> <span class='ocrx_word' id='word_1_108' title='bbox 894 1567 1158 1632; x_wconf 85' lang='lat' dir='ltr'><em>praecipue,</em></span> <span class='ocrx_word' id='word_1_109' title='bbox 1183 1567 1466 1633; x_wconf 83' lang='lat' dir='ltr'><em>Cererisque</em></span> 
     </span>
     <span class='ocr_line' id='line_1_18' title="bbox 151 1651 1466 1721; baseline -0.002 -15"><span class='ocrx_word' id='word_1_110' title='bbox 151 1661 283 1708; x_wconf 85' lang='lat' dir='ltr'><em>sestis</em></span> <span class='ocrx_word' id='word_1_111' title='bbox 321 1657 758 1707; x_wconf 84' lang='lat' dir='ltr'><em>sollemnissimum.</em></span> <span class='ocrx_word' id='word_1_112' title='bbox 804 1651 922 1703; x_wconf 46' lang='lat' dir='ltr'><em>Ge&#39;ri</em></span> <span class='ocrx_word' id='word_1_113' title='bbox 955 1662 1108 1700; x_wconf 81' lang='lat' dir='ltr'><em>autem</em></span> <span class='ocrx_word' id='word_1_114' title='bbox 1128 1691 1141 1712; x_wconf 85' lang='lat'>‚</span> <span class='ocrx_word' id='word_1_115' title='bbox 1148 1654 1345 1721; x_wconf 75' lang='lat' dir='ltr'><em>ferrive</em></span> <span class='ocrx_word' id='word_1_116' title='bbox 1379 1673 1466 1703; x_wconf 77' lang='lat' dir='ltr'><em>sa-</em></span> 
     </span>
     <span class='ocr_line' id='line_1_19' title="bbox 151 1739 1466 1804; baseline -0.01 -7"><span class='ocrx_word' id='word_1_117' title='bbox 151 1766 246 1798; x_wconf 76' lang='lat' dir='ltr'><em>cra</em></span> <span class='ocrx_word' id='word_1_118' title='bbox 281 1745 556 1793; x_wconf 82' lang='lat' dir='ltr'><em>dicebantur</em></span> <span class='ocrx_word' id='word_1_119' title='bbox 582 1781 596 1804; x_wconf 82' lang='lat'>,</span> <span class='ocrx_word' id='word_1_120' title='bbox 654 1759 762 1790; x_wconf 88' lang='lat' dir='ltr'><em>cum</em></span> <span class='ocrx_word' id='word_1_121' title='bbox 803 1741 1011 1789; x_wconf 82' lang='lat' dir='ltr'><em>Deorum</em></span> <span class='ocrx_word' id='word_1_122' title='bbox 1032 1776 1045 1799; x_wconf 83' lang='lat'>‚</span> <span class='ocrx_word' id='word_1_123' title='bbox 1106 1739 1371 1792; x_wconf 84' lang='lat' dir='ltr'><em>Dearumve</em></span> <span class='ocrx_word' id='word_1_124' title='bbox 1406 1745 1466 1789; x_wconf 84' lang='lat' dir='ltr'><em>si-</em></span> 
     </span>
     <span class='ocr_line' id='line_1_20' title="bbox 152 1827 1468 1893; baseline -0.006 -10"><span class='ocrx_word' id='word_1_125' title='bbox 152 1835 360 1883; x_wconf 88' lang='lat' dir='ltr'><em>mulacra</em></span> <span class='ocrx_word' id='word_1_126' title='bbox 384 1870 398 1893; x_wconf 81' lang='lat'>‚</span> <span class='ocrx_word' id='word_1_127' title='bbox 436 1831 708 1890; x_wconf 86' lang='lat' dir='ltr'><em>mensulae,</em></span> <span class='ocrx_word' id='word_1_128' title='bbox 743 1838 827 1877; x_wconf 89' lang='lat' dir='ltr'><em>aut</em></span> <span class='ocrx_word' id='word_1_129' title='bbox 860 1828 990 1875; x_wconf 85' lang='lat' dir='ltr'><em>aliud</em></span> <span class='ocrx_word' id='word_1_130' title='bbox 1026 1827 1271 1893; x_wconf 83' lang='lat' dir='ltr'><em>quidpiam</em></span> <span class='ocrx_word' id='word_1_131' title='bbox 1309 1828 1468 1876; x_wconf 82' lang='lat' dir='ltr'><em>effere-</em></span> 
     </span>
     <span class='ocr_line' id='line_1_21' title="bbox 151 1913 1462 1982; baseline -0.005 -13"><span class='ocrx_word' id='word_1_132' title='bbox 151 1922 326 1969; x_wconf 85' lang='lat' dir='ltr'><em>bantur</em></span> <span class='ocrx_word' id='word_1_133' title='bbox 354 1958 369 1981; x_wconf 80' lang='lat'>,</span> <span class='ocrx_word' id='word_1_134' title='bbox 406 1928 458 1966; x_wconf 89' lang='lat' dir='ltr'><em>ut</em></span> <span class='ocrx_word' id='word_1_135' title='bbox 494 1919 542 1966; x_wconf 88' lang='lat' dir='ltr'><em>in</em></span> <span class='ocrx_word' id='word_1_136' title='bbox 578 1918 777 1976; x_wconf 85' lang='lat' dir='ltr'><em>nostriS,</em></span> <span class='ocrx_word' id='word_1_137' title='bbox 818 1930 930 1982; x_wconf 88' lang='lat' dir='ltr'><em>quas</em></span> <span class='ocrx_word' id='word_1_138' title='bbox 965 1913 1105 1980; x_wconf 83' lang='lat' dir='ltr'><em>vulgo</em></span> <span class='ocrx_word' id='word_1_139' title='bbox 1144 1915 1462 1976; x_wconf 84' lang='lat' dir='ltr'><em>nominamus,</em></span> 
     </span>
     <span class='ocr_line' id='line_1_22' title="bbox 158 1999 1467 2069; baseline -0.005 -13"><span class='ocrx_word' id='word_1_140' title='bbox 158 2005 589 2056; x_wconf 78' lang='lat' dir='ltr'><em>Processionibus.</em></span> <span class='ocrx_word' id='word_1_141' title='bbox 648 2003 778 2063; x_wconf 86' lang='lat' dir='ltr'><em>Quid</em></span> <span class='ocrx_word' id='word_1_142' title='bbox 814 2002 1001 2069; x_wconf 85' lang='lat' dir='ltr'><em>proprie</em></span> <span class='ocrx_word' id='word_1_143' title='bbox 1037 1999 1177 2047; x_wconf 81' lang='lat' dir='ltr'><em>fuerit</em></span> <span class='ocrx_word' id='word_1_144' title='bbox 1212 2005 1467 2052; x_wconf 77' lang='lat' dir='ltr'><em>commotio</em></span> 
     </span>
     <span class='ocr_line' id='line_1_23' title="bbox 157 2085 1234 2157; baseline -0.011 -13"><span class='ocrx_word' id='word_1_145' title='bbox 157 2111 422 2143; x_wconf 75' lang='lat' dir='ltr'><em>sacrorum</em></span> <span class='ocrx_word' id='word_1_146' title='bbox 451 2128 465 2152; x_wconf 85' lang='lat'>‚</span> <span class='ocrx_word' id='word_1_147' title='bbox 501 2092 696 2157; x_wconf 88' lang='lat' dir='ltr'><em>propius</em></span> <span class='ocrx_word' id='word_1_148' title='bbox 731 2106 858 2137; x_wconf 88' lang='lat' dir='ltr'><em>nunc</em></span> <span class='ocrx_word' id='word_1_149' title='bbox 894 2085 1234 2155; x_wconf 82' lang='lat' dir='ltr'><em>attingendum.</em></span> 
     </span>
    </p>

    <p class='ocr_par' dir='ltr' id='par_1_4' title="bbox 156 2176 1470 2496">
     <span class='ocr_line' id='line_1_24' title="bbox 230 2176 1465 2233; baseline -0.005 -7"><span class='ocrx_word' id='word_1_150' title='bbox 230 2179 280 2227; x_wconf 86' lang='lat'><em>3.</em></span> <span class='ocrx_word' id='word_1_151' title='bbox 321 2178 608 2233; x_wconf 67' lang='lat' dir='ltr'><em>Turnebus,</em></span> <span class='ocrx_word' id='word_1_152' title='bbox 646 2176 865 2227; x_wconf 83' lang='lat' dir='ltr'><em>Servium</em></span> <span class='ocrx_word' id='word_1_153' title='bbox 899 2181 1083 2223; x_wconf 85' lang='lat' dir='ltr'><em>secutus</em></span> <span class='ocrx_word' id='word_1_154' title='bbox 1111 2207 1126 2231; x_wconf 85' lang='lat'>,</span> <span class='ocrx_word' id='word_1_155' title='bbox 1187 2178 1465 2220; x_wconf 81' lang='lat' dir='ltr'><em>commotio·-</em></span> 
     </span>
     <span class='ocr_line' id='line_1_25' title="bbox 156 2256 1470 2330; baseline -0.005 -18"><span class='ocrx_word' id='word_1_156' title='bbox 156 2283 266 2314; x_wconf 83' lang='lat' dir='ltr'><em>nem</em></span> <span class='ocrx_word' id='word_1_157' title='bbox 302 2282 566 2313; x_wconf 77' lang='lat' dir='ltr'><em>sacrorum</em></span> <span class='ocrx_word' id='word_1_158' title='bbox 615 2264 748 2330; x_wconf 85' lang='lat' dir='ltr'><em>ponit</em></span> <span class='ocrx_word' id='word_1_159' title='bbox 802 2267 853 2310; x_wconf 83' lang='lat' dir='ltr'><em>in</em></span> <span class='ocrx_word' id='word_1_160' title='bbox 909 2274 1167 2309; x_wconf 76' lang='lat' dir='ltr'><em>sacrorum</em></span> <span class='ocrx_word' id='word_1_161' title='bbox 1217 2256 1470 2307; x_wconf 83' lang='lat' dir='ltr'><em>delatione</em></span> 
     </span>
     <span class='ocr_line' id='line_1_26' title="bbox 158 2342 1466 2415; baseline -0.008 -16"><span class='ocrx_word' id='word_1_162' title='bbox 158 2351 380 2415; x_wconf 76' lang='lat' dir='ltr'><em>quadam</em></span> <span class='ocrx_word' id='word_1_163' title='bbox 415 2350 479 2397; x_wconf 84' lang='lat' dir='ltr'><em>de</em></span> <span class='ocrx_word' id='word_1_164' title='bbox 515 2352 626 2397; x_wconf 84' lang='lat' dir='ltr'><em>loeo</em></span> <span class='ocrx_word' id='word_1_165' title='bbox 662 2353 713 2395; x_wconf 83' lang='lat' dir='ltr'><em>in</em></span> <span class='ocrx_word' id='word_1_166' title='bbox 747 2346 1112 2396; x_wconf 78' lang='lat' dir='ltr'><em>locum.Parum</em></span> <span class='ocrx_word' id='word_1_167' title='bbox 1139 2342 1253 2389; x_wconf 87' lang='lat' dir='ltr'><em>haec</em></span> <span class='ocrx_word' id='word_1_168' title='bbox 1287 2361 1466 2392; x_wconf 81' lang='lat' dir='ltr'><em>saero-</em></span> 
     </span>
     <span class='ocr_line' id='line_1_27' title="bbox 159 2428 1468 2496; baseline -0.007 -9"><span class='ocrx_word' id='word_1_169' title='bbox 159 2457 269 2487; x_wconf 80' lang='lat' dir='ltr'><em>rum</em></span> <span class='ocrx_word' id='word_1_170' title='bbox 303 2438 640 2485; x_wconf 78' lang='lat' dir='ltr'><em>commotionis</em></span> <span class='ocrx_word' id='word_1_171' title='bbox 693 2432 940 2496; x_wconf 82' lang='lat' dir='ltr'><em>descriptio</em></span> <span class='ocrx_word' id='word_1_172' title='bbox 974 2429 1161 2479; x_wconf 82' lang='lat' dir='ltr'><em>adridet</em></span> <span class='ocrx_word' id='word_1_173' title='bbox 1198 2428 1431 2480; x_wconf 80' lang='lat' dir='ltr'><em>Gutherio</em></span> <span class='ocrx_word' id='word_1_174' title='bbox 1453 2465 1468 2493; x_wconf 80' lang='lat'><strong>,</strong></span> 
     </span>
    </p>
   </div>
  </div>
 </body>
</html>
