1596 2734
1406 169 1468 229 45

149 258 426 326 ‘vulgarique
458 255 729 307 eruditione
751 266 963 306 necantes
984 275 996 316 ;
1020 258 1066 306 in
1105 256 1261 325 paullo
1285 256 1464 304 abstru-

150 347 385 406 sioribus.,
445 346 703 395 aevitatem
738 345 988 411 praecipue
1024 344 1230 410 aliquam
1266 360 1376 408 prae
1414 338 1476 389 sc¹

148 432 403 478 'ferentibus
432 469 446 489 .,
509 431 796 497 superciliosi
825 468 838 491 ,
917 441 964 477 et
1018 430 1163 477 veluti
1231 448 1256 476 a
1313 428 1470 476 Bonae

150 517 275 564 Deae
329 519 469 565 sacris
520 527 734 566 caventes
758 556 771 577 ,
835 517 1005 582 spuriis
1037 554 1051 575 ‚
1108 516 1281 562 fictitiis
1335 515 1471 579 proni

152 603 457 652 adiudicare:
513 603 597 652 sed
634 605 713 668 qui
751 604 1055 668 antiquorum
1117 602 1462 667 exemplaribus

149 690 372 736 :insudare
407 689 490 736 diu
528 699 764 755 noctuque
800 688 1023 747 adsueti,
1061 704 1229 735 verum
1266 705 1290 733 a
1328 688 1464 746 falso,

144 775 352 823 dubium
388 793 413 822 a
446 785 571 824 certo
607 777 848 842 seiungere
871 813 884 834 ,
947 774 1104 822 lucem
1140 773 1346 821 obscuris
1384 773 1465 819 in-

146 863 269 910 ferre
291 901 307 923 ,
345 880 522 912 novum
559 861 761 927 denique
799 861 1003 926 aliquid,
1043 870 1179 924 atquc
1214 860 1327 907 utile
1363 861 1459 926 ipsi

154 966 237 1013 per
274 965 321 994 se
368 949 670 995 meditatione
723 945 907 994 assidua
971 946 1219 1010 exculpere
1275 957 1461 993 norunt.

155 1034 453 1101 Religionem
489 1034 633 1082 modo
687 1035 888 1099 excipias
915 1070 927 1091 ,
983 1033 1420 1099 humanitatemque
1448 1071 1462 1092 ‚

147 1137 282 1171 verae
317 1121 574 1187 Religionis
609 1120 829 1168 asseclam
859 1156 871 1176 ,
936 1119 1107 1185 frigent
1142 1119 1343 1183 profecto
1382 1138 1466 1165 no-

150 1217 241 1257 stra
277 1206 372 1253 fere
407 1209 562 1254 omnia
592 1244 605 1266 ‚
661 1207 698 1253 si
735 1223 846 1253 cum
882 1206 1087 1272 antiquis
1144 1206 1458 1253 conferantur.

150 1294 290 1341 Parte
325 1310 382 1341 ex
419 1293 532 1355 elia,
556 1292 730 1358 ecquid
765 1293 955 1339 demum
978 1310 1135 1339 rerum
1172 1303 1433 1340 nostrarum
1455 1330 1467 1352 ,

148 1381 243 1431 sive
279 1380 560 1428 domesticae
596 1398 676 1428 eae
713 1380 806 1426 sint
836 1417 849 1440 ‚
889 1382 986 1427 sive
1024 1379 1273 1446 publicae,
1311 1381 1472 1452 profa-

147 1484 263 1526 nae,
300 1475 380 1513 aut
417 1484 568 1514 sacrae
591 1505 604 1528 ‚
633 1467 695 1514 ad.
728 1467 1006 1532 posteritatis
1046 1467 1259 1516 notitiam
1295 1477 1464 1515 ventu-

148 1572 253 1603 rum
288 1554 555 1620 putabimus
592 1550 638 1603 ἐν
667 1547 765 1603 τάις
800 1552 885 1602 τών
915 1549 1080 1619 κοὶιρεεν
1121 1568 1413 1624 κατασροφοιις
1444 1557 1471 1601 ,9

150 1641 464 1707 Antiquorum
501 1651 664 1689 contra
699 1658 848 1708 paene
885 1642 1103 1690 universa
1128 1679 1140 1700 ‚
1169 1660 1222 1691 ac
1257 1641 1462 1709 singula,

149 1737 197 1774 et
231 1729 464 1794 gravitatis
499 1728 638 1795 plena
674 1736 813 1789 sunt,
834 1737 880 1776 et
915 1746 1069 1777 coram
1104 1728 1315 1775 omuibus
1354 1747 1463 1794 prae

146 1815 292 1863 oculis
327 1816 479 1881 posita
502 1853 513 1873 ‚
555 1816 732 1863 Aerum
757 1853 771 1876 ,
810 1814 1046 1880 Lapidum
1081 1852 1094 1875 ‚
1158 1824 1465 1863 caeterorum-

147 1919 240 1967 que
278 1901 350 1949 his
383 1902 645 1964 similium,
706 1901 929 1949 beneficio
955 1939 969 1961 ,
1025 1919 1143 1968 quae
1180 1902 1278 1949 sine
1315 1903 1463 1950 dubio

148 1988 209 2034 ad
243 1990 538 2054 perennitatis
573 1990 761 2037 laudem
784 2026 796 2047 ,
860 1998 1087 2054 quantum
1121 2006 1193 2036 res
1231 1990 1465 2036 humanae.

145 2075 390 2138 patiuntur
416 2114 427 2134 ‚
469 2075 711 2141 aliquanto
748 2075 947 2123 firmiora
984 2084 1094 2123 sunt
1129 2075 1417 2123 aestimanda
1446 2116 1460 2137 ‚

146 2177 286 2225 quam
320 2166 424 2227 trpi
457 2164 630 2221 nostri,
671 2162 911 2213 chartaeve
946 2164 1194 2229 periturae.
1236 2163 1464 2223 Quando-

146 2245 339 2311 quidem
377 2257 422 2295 et
459 2267 566 2295 cum
603 2249 676 2296 his
713 2265 900 2315 quoque
934 2248 1221 2296 fulcimentis
1257 2248 1373 2295 olim

451 2421 695 2473 Mortalia
711 2419 873 2489 facta
903 2423 1154 2490 peribunt.
