1596 2734
1427 126 1488 174 15

243 212 482 262 Crassities
499 226 547 265 Ξ
569 213 720 261 unciis
756 209 940 258 duabus
965 229 975 268 ;
1010 209 1246 279 longitud.
1270 230 1317 268 Ξ
1341 213 1492 260 unciis

175 299 440 358 sexdecim3
468 297 659 347 latitud.
688 312 734 348 :¹
757 298 908 344 unciis
944 298 1112 364 viginti
1134 298 1306 348 tribus.
1340 300 1493 346 Basis

174 387 356 436 dictum
393 388 497 436 loco
535 402 618 440 τησ
653 389 873 446 Baseis,
910 383 991 434 vel
1031 386 1228 445 Bases,
1257 402 1383 432 more
1422 401 1496 430 ar·-

173 474 330 522 chaico
359 510 371 532 ,
411 483 464 520 ut
502 477 801 522 marmorias
823 509 834 530 ,
877 478 926 519 et
963 475 1165 536 poniret
1191 509 1205 532 ‚
1246 489 1327 536 pro
1364 487 1494 517 mar-

174 576 367 608 moreas
400 597 414 619 ‚
467 567 513 605 et
547 569 775 623 poneret.
826 558 882 604 L.
925 574 1037 623 ergo
1072 556 1260 605 Statius
1296 558 1495 609 Faustus

173 644 432 693 SlGNVM
468 653 694 703 voverat,
733 643 865 710 quod
901 662 928 691 e
964 644 1102 708 Lege
1142 642 1491 692 Ministrorum

170 732 426 780 Fortunae
460 728 727 796 Augustae
764 729 826 777 ad
861 728 1046 776 Aedem
1071 729 1331 778 Fortunae
1354 728 1501 793 ipsius

170 832 359 884 ponere
395 816 613 883 debebat.
658 815 844 865 Votum
879 816 1061 862 interea
1096 815 1367 882 ejusmodi,
1427 832 1502 862 re-

170 904 345 952 ferente
381 902 443 961 Q.
462 901 680 967 Pompeio
717 900 1003 967 Amethysio
1040 902 1328 963 Quacstore,
1366 919 1503 951 com-

171 1001 411 1040 mutatum
440 987 573 1040 vides
599 1027 614 1050 ,
665 998 718 1036 ut
754 983 1109 1055 Theologorum
1143 988 1365 1036 formulis
1404 996 1501 1036 uta·

170 1094 284 1125 mur
305 1113 320 1135 ‚
370 1078 431 1125 in>
455 1076 622 1124 Bases
658 1075 791 1123 duas
827 1091 1140 1124 marmoreas
1159 1112 1175 1135 ‚
1238 1075 1341 1122 iure
1372 1111 1385 1133 ‚
1451 1081 1505 1121 ut

172 1164 359 1214 videtur
388 1198 402 1221 ‚
436 1160 765 1208 Ministrorum
804 1159 1038 1208 Fortunae
1074 1160 1332 1229 Augustae.
1393 1160 1504 1209 Non

172 1249 329 1314 itaque
365 1246 475 1296 vilis
511 1245 628 1294 adeo
656 1283 668 1302 .,
733 1247 1090 1313 spernendaque
1121 1284 1135 1307 ,
1193 1247 1325 1313 quod
1374 1263 1499 1295 non-

173 1333 320 1383 nullis
372 1332 530 1381 animo
584 1330 802 1390 insedit,
863 1333 1190 1381 ministrorum
1246 1332 1458 1388 conditio
1484 1371 1501 1394 ‚

173 1436 292 1487 quos
326 1436 412 1485 pro
446 1419 703 1466 ministerio
740 1434 824 1465 suo
848 1456 862 1479 ‚
902 1427 948 1465 et
985 1418 1172 1467 ferendi
1209 1419 1373 1487 Leges
1404 1459 1418 1481 ‚
1456 1426 1504 1469 et

174 1519 291 1559 vota
326 1505 650 1555 commutandi
697 1513 927 1572 potestate
990 1506 1223 1575 pollentes
1260 1509 1501 1559 videmus.

172 1592 235 1641 Et
269 1593 498 1643 hactenus
533 1593 729 1661 quidem
765 1592 870 1640 unis
909 1591 1254 1658 Pompeiorum
1307 1595 1499 1644 auxiliis

173 1678 356 1728 bellum
405 1680 494 1728 hoe
528 1697 670 1728 omne
723 1678 1022 1746 profligatum
1083 1679 1241 1728 videri
1295 1690 1498 1748 poterat,

171 1766 314 1816 Nunc
348 1767 540 1816 aliunde
575 1768 717 1815 etiam
752 1783 881 1813 arma
917 1764 976 1812 ad
1018 1765 1071 1813 id
1106 1777 1369 1833 suppetunt
1418 1786 1502 1833 op-

172 1862 392 1921 portuna.
444 1853 650 1920 Sponius
685 1853 763 1921 (1)
795 1852 1029 1918 Lapidem
1063 1852 1284 1919 producit
1318 1855 1502 1908 Romae

170 1939 388 1988 effossum
421 1944 473 1986 in
509 1952 670 1990 monte
728 1939 975 1990 Aventino
1000 1979 1011 1998 ,
1065 1927 1168 2006 qua
1194 1955 1353 2009 ‘parte
1390 1962 1502 1994 eam

170 2026 444 2092 Regionem
468 2026 527 2076 V
517 2027 616 2079 rbis
650 2031 857 2093 respicit
878 2065 890 2085 ‚
932 2046 1064 2094 quae
1088 2030 1305 2080 Piscina
1329 2032 1496 2097 publi-

169 2129 235 2161 ca
269 2112 533 2163 dicebatur
556 2151 571 2173 ‚
628 2116 774 2162 circa
806 2114 996 2163 Domos
1034 2116 1342 2166 Parthorum
1365 2156 1379 2178 ,
1441 2120 1493 2166 in

169 2214 264 2264 quo
299 2197 360 2246 de
396 2197 604 2246 Homine
640 2204 858 2265 ingenuo
893 2201 1220 2252 ministrorum
1257 2205 1390 2272 gregi
1424 2205 1496 2254 in-

130 2304 146 2313 s
174 2291 295 2331 serto
332 2301 485 2332 sermo
521 2294 606 2333 est.
646 2286 769 2333 Ecce
805 2285 946 2334 illum
982 2286 1070 2335 tibi
1104 2305 1118 2336 ε

254 2451 318 2502 (ι)
354 2454 454 2508 Pag.
491 2459 558 2498 23.
612 2466 651 2499 et
684 2459 751 2509 24.
