1596 2734
163 176 225 222 32

160 264 263 312 lis:
305 264 708 334 collocabatur(
745 263 989 324 mensula,
1010 263 1074 313 (le
1110 281 1202 333 qua
1239 264 1478 334 superius)

159 355 212 398 in
246 349 404 398 medio
440 350 632 401 Domus
667 354 982 401 emaculatae
1018 352 1269 402 odoribus.
1289 352 1480 419 {Hacte-

161 452 251 483 nus
285 436 386 484 ille.
427 435 610 496 Quibus
646 438 801 489 verbis
838 448 994 505 aperte
1030 439 1284 498 docemur,
1321 457 1477 489 sacra

155 531 260 571 tum
296 523 490 571 demum
535 526 662 573 dicta
697 531 1028 587 commoveri,
1090 543 1197 574 cum
1233 525 1294 573 de
1328 526 1430 574 loco
1456 564 1473 586 ,

154 627 251 676 quo
285 609 430 658 Domi
466 620 574 659 ante
612 613 998 674 asservabantur,
1025 614 1075 660 in
1110 611 1217 661 loco
1254 611 1347 660 alio
1381 612 1479 661 Do-

152 711 262 742 mus
299 696 511 744 eiusdem
546 698 930 757 collocabantur,
971 716 1064 746 non
1098 699 1197 747 sine
1233 699 1472 749 suffimen-

153 789 313 829 torum
347 800 485 833 suave
543 784 775 832 olentium
826 784 1036 834 iucundo
1093 802 1291 833 munere
1319 823 1333 844 ‚
1391 785 1476 833 ubi

152 870 404 935 conspicua
439 871 588 937 magis
630 871 884 919 colentium
919 871 1068 919 oculis
1102 880 1329 935 paterent.
1383 870 1467 919 At-

152 975 246 1025 que
280 957 341 1005 ad.
375 956 496 1007 hanc
529 976 791 1009 sacr-oram
844 963 1221 1007 commotionem
1266 958 1467 1007 referen-

150 1044 264 1094 dam
300 1045 578 1094 arbitramur
614 1047 865 1095 Anciliam
885 1083 899 1106 ‚
939 1044 1230 1114 Hastaeqae
1257 1045 1472 1095 Martia-

150 1131 215 1179 lis
248 1131 592 1196 quassationem
628 1133 760 1179 illam
789 1171 803 1192 .,
859 1150 979 1196 quae
1013 1151 1098 1197 per
1133 1150 1242 1180 eum
1279 1131 1421 1179 fiebat
1455 1169 1470 1191 .,

150 1219 228 1267 cui
261 1217 508 1266 Exercitus
543 1236 652 1267 cura
688 1219 736 1264 in
751 1217 999 1265 Sacrario
1036 1216 1220 1265 ,Martis
1246 1221 1468 1267 commit—

149 1307 333 1354 tebatur
369 1305 419 1351 in
454 1321 505 1352 ea
540 1305 719 1353 verba:
777 1301 966 1350 MARS.
1006 1300 1248 1349 VIGILA.
1304 1304 1468 1352 Unum

148 1393 254 1442 heic
287 1391 635 1451 adnotandum,
660 1409 718 1439 ne
751 1393 1076 1456 gestationem
1103 1406 1215 1436 cum
1253 1407 1465 1438 commo-

145 1486 276 1530 tione
310 1498 572 1531 sacrorum
593 1476 820 1527 confundi
845 1494 930 1541 per
964 1474 1330 1541 imprudentiam
1350 1494 1460 1524 con-

147 1570 318 1637 tingat.
354 1568 411 1615 In
445 1571 722 1634 gestatione
757 1564 933 1612 delatio
968 1552 1205 1611 sacrorum
1240 1582 1325 1630 per
1359 1565 1458 1612 vias

146 1655 359 1722 publicas
393 1655 577 1702 fiebat:
638 1656 685 1702 in
734 1655 1056 1702 commotione
1109 1650 1232 1696 intra
1297 1651 1463 1716 templi

148 1744 289 1790 unius
325 1742 559 1791 ambitum
593 1741 933 1790 continebatur.

215 1832 266 1891 4.
305 1830 583 1880 Sacrorum
640 1827 847 1894 denique
901 1828 1154 1875 commotio
1207 1829 1460 1875 novationi

141 1915 451 1984 praeludebat
471 1955 486 1978 ,Ι
525 1914 777 1981 mediaque
812 1915 915 1980 ipsa
948 1920 1078 1959 nocte
1105 1909 1451 1971 celebrabatur,

142 2024 261 2074 quae
296 2005 541 2057 novandis
575 2007 741 2054 sacris
758 2003 852 2048 iam
874 1999 1095 2050 institutis
1110 1999 1278 2052 οἱμεσως
1300 2001 1454 2063 praei-

141 2093 262 2141 bat:
324 2110 418 2159 quo
453 2100 668 2156 tempore
726 2097 782 2136 ut
816 2105 869 2135 ex
919 2085 1153 2153 Appuleio
1188 2086 1415 2135 discimus
1436 2122 1452 2147 ‚

144 2175 335 2245 Templi
367 2177 507 2227 Fores
541 2176 868 2226 reserabantur
902 2172 987 2240 (a).

667 2343 941 2355 *—

254 2466 318 2522 (a)
345 2466 616 2520 Metamorph.
632 2453 635 2458 ’
653 2466 743 2509 Lib.
774 2467 828 2506 11.
