1596 2734
149 219 208 249 10

214 287 461 336 Marmoris
498 286 804 357 longitudo:
827 291 985 356 palmo
1028 307 1046 338 1
1090 305 1147 351 ἐς
1187 292 1454 346 latitudo:

142 373 300 441 palmo
345 395 362 424 1
405 389 445 435 ὲ.
477 378 752 427 Fortunam
791 379 1064 444 Augustam
1101 381 1201 428 sine
1237 399 1454 446 compen*

143 462 223 510 dio
260 481 524 530 expressam
561 464 768 514 vidimus
794 467 841 511 in
866 465 1027 525 titulo,
1055 468 1204 531 priore
1239 467 1341 515 loco
1378 485 1450 516 re-

143 549 318 598 citato:
359 551 437 599 hic
474 570 529 599 ex
567 551 762 603 adverso
800 571 881 618 per
918 553 1280 621 compendium3
1309 555 1457 623 idque

141 635 322 685 indicio
359 637 495 684 nobis
533 648 642 699 est,
700 639 829 705 quod
856 640 982 700 ,alibi
1019 658 1208 707 quoque
1260 641 1458 689 adnota-

142 730 249 769 tum
281 760 294 782 ,
355 722 563 788 lapidem
601 725 727 772 hunc
763 726 909 790 priori
964 726 1036 772 illi
1073 743 1322 793 supparem
1371 727 1457 775 ali-

144 817 318 876 quanto
353 819 563 875 tempore
601 820 777 859 extare.
841 812 1047 860 Ministri
1093 832 1289 863 numero
1342 832 1461 881 qua-

144 905 293 956 tuor,
343 897 471 963 iique
506 897 652 950 Servi
688 916 844 946 omnes
866 937 882 961 ‚
938 898 1021 948 sed
1065 898 1239 948 Primi
1278 900 1459 950 idcirco

145 985 431 1050 nuncupati,
455 985 587 1051 quod
623 986 680 1033 ab
706 985 838 1034 Aede
875 987 1023 1052 posita
1060 987 1204 1052 primi
1241 988 1458 1035 omnium

142 1071 489 1136 processerint.·
523 1071 646 1119 Nam
684 1074 723 1118 si
762 1073 823 1120 ad
861 1072 1105 1138 dignitatis
1154 1071 1375 1121 ordinem
1408 1068 1465 1120 τό

145 1157 304 1205 Primi
342 1166 459 1203 esset
494 1158 825 1217 referendum,
865 1160 958 1204 iam
993 1157 1212 1206 alicunde
1248 1160 1459 1207 emersis-

147 1251 251 1292 sent
285 1242 503 1291 Affinis-tri
540 1244 747 1293 secundi
777 1281 788 1301 ,
842 1242 974 1308 quod
1011 1242 1184 1289 factum
1221 1260 1456 1309 nusquam

149 1331 615 1390 incurrimus.Quod
654 1349 711 1378 ex
747 1348 800 1378 eo
838 1346 1026 1396 quoque
1062 1330 1462 1379 confirmationem

149 1420 357 1485 recipit,
417 1417 548 1484 quod
601 1416 750 1465 iidem
800 1416 992 1481 posthac
1047 1414 1197 1467 οἱπλως
1245 1416 1467 1465 Minism·

150 1508 407 1557 Fortunae
464 1505 729 1571 Augustae
755 1542 772 1564 ,
827 1504 924 1551 sine
959 1520 1035 1550 του
1083 1504 1239 1552 Primi
1278 1501 1468 1551 addita-

149 1603 311 1644 mento
329 1631 341 1651 ,
366 1600 596 1658 perpetuo
633 1589 1062 1640 consalutabuntur.
1084 1588 1304 1636 Titulum
1326 1605 1462 1655 prae-

152 1690 277 1729 terea
314 1697 365 1728 ea
401 1680 461 1727 de
496 1695 653 1726 caussa
703 1681 869 1742 priori
925 1679 998 1724 illi
1047 1693 1313 1741 supparem
1365 1677 1466 1724 ali-

160 1775 349 1835 quanto
403 1773 556 1813 extare
601 1763 808 1812 diximus
835 1803 850 1824 ‚
907 1761 1037 1829 quod
1082 1758 1307 1809 credibile
1367 1780 1467 1810 non

157 1853 219 1899 sit
240 1889 251 1910 ‚
291 1844 544 1917 Templum
580 1849 664 1900 diu
700 1851 796 1899 suis
830 1849 1030 1898 caruisse
1065 1846 1310 1895 ministris.
1334 1845 1469 1896 Gens

155 1937 501 1988 Lacutulanicc
522 1977 537 1999 ,
584 1939 742 2006 ignota
776 1937 997 1985 hactenus
1016 1972 1032 1996 ,
1093 1950 1218 1980 nunc
1252 1935 1466 1998 primum

160 2025 221 2073 de
258 2025 460 2075 tenebris
512 2028 562 2074 in
595 2025 754 2073 lucem
791 2024 968 2092 prodit.
1029 2020 1209 2069 Verum
1262 2020 1375 2069 haec
1408 2021 1472 2068 le·

161 2113 306 2162 viora.
349 2113 574 2163 Graviora
621 2114 720 2161 sine
755 2112 904 2160 dubio
927 2147 943 2171 ‚
996 2125 1114 2175 quae
1169 2114 1429 2173 sequuntur
1452 2143 1468 2167 ,

167 2201 409 2265 nodosque
444 2199 668 2267 praebent
702 2198 890 2250 vindice
926 2196 1106 2263 dignos.

233 2287 296 2332 P.
337 2286 461 2335 Silio
489 2325 501 2346 2,
540 2286 599 2332 L.
621 2285 832 2334 Volusio
867 2285 1145 2333 Saturnino
1188 2280 1305 2329 Cos.
1337 2278 1472 2327 Nihil

167 2370 338 2418 Publio
373 2372 483 2418 huic
517 2371 635 2418 Silio
669 2389 777 2417 cum
811 2370 927 2418 Silio
970 2370 1052 2417 illo
1085 2367 1238 2416 Nerva
1274 2406 1288 2427 ‚
1327 2382 1474 2432 quem

172 2456 424 2506 Consulem
460 2457 497 2504 F
501 2457 844 2524 astograpraphi
881 2456 1087 2506 referunt
1125 2472 1233 2503 cum
1268 2454 1336 2501 Μὑ
1376 2451 1476 2518 Ap-
