1596 2734
76 1371 128 1479 ἱμε-

161 2322 208 2399 De
154 2143 204 2286 Aedis
154 1870 204 2105 Fortunae
153 1593 224 1831 Augustae
138 1323 225 1555 Pompeis
156 1049 216 1283 conditae
171 799 213 1009 auctore
200 757 224 771 ,
176 673 214 720 et
181 485 215 637 anno,

319 2454 367 2507 In
334 2262 365 2417 caussa
315 2140 363 2224 hac
315 1919 364 2114 dicenda
317 1707 383 1888 primus
318 1568 366 1669 sine
318 1224 370 1539 controversia
356 1183 382 1197 ,
319 874 388 1144 invidiaque
360 838 384 850 ‚
324 652 372 781 locus
324 431 376 615 dandus
345 265 376 391 mar—

399 2454 448 2576 mori
397 2135 463 2418 Pompeiano
432 2092 456 2105 ⁷
396 1920 462 2050 quod
396 1790 445 1884 tale
406 1650 459 1751 est:

649 1412 677 1430 1

763 2367 813 2438 M.
761 2034 810 2327 TVLLIVS.
762 1919 811 1991 M.
762 1822 812 1879 F.
764 1720 812 1779 D.
765 1637 813 1676 Ι.
765 1534 815 1597 D.
757 1348 816 1492 TER.
763 1078 828 1306 QVINQ.
769 794 818 1035 AVGVR„
771 584 820 750 TRIB.
773 418 822 540 MIL

864 2413 911 2473 A.
865 2232 912 2375 POP.
865 1947 917 2192 AEDEM.
866 1525 919 1904 FORTVNAE.
869 1118 933 1485 AVGVSTAE.
871 888 922 1073 SOLO.
875 743 922 846 ET.
878 556 937 700 PEQ.
873 390 926 514 SVA.
934 324 942 331 ,

1019 2353 1086 2495 Lapis
1026 2127 1073 2314 extabat
1025 2031 1073 2093 ad
1023 1706 1074 1996 vestibulum
1026 1494 1091 1653 ipsum
1020 1294 1078 1441 Aedis'
1028 1025 1080 1261 Fortunae
1033 747 1100 988 Augustae
1071 703 1093 716 ,
1052 526 1099 647 quae
1035 265 1099 488 deinceps

1107 2340 1163 2576 postrema
1119 2215 1151 2303 vox
1102 2086 1150 2174 sub
1102 1901 1150 2049 tribus
1103 1757 1149 1865 unis
1102 1576 1152 1721 literis
1104 1386 1156 1537 AVG.
1109 1272 1155 1321 in
1111 1047 1159 1233 caeteris
1111 679 1176 1010 Pompeiorum
1113 494 1159 638 mulis
1115 267 1177 456 conspi-

1195 2433 1227 2568 cuam
1196 2348 1228 2397 se
1181 2158 1229 2311 dabit.
1181 1925 1247 2118 Templi
1182 1713 1230 1889 molem
1184 1639 1230 1675 si
1194 1405 1250 1602 spectes,
1204 1329 1235 1381 ea
1190 1188 1236 1292 satis
1190 932 1248 1150 modica;
1191 855 1236 892 si
1190 621 1237 818 formam
1228 579 1249 592 ‚
1190 408 1237 538 hafid
1208 265 1238 373 mo-

1256 2445 1305 2574 dicae
1257 2156 1326 2409 elegantiae
1297 2115 1322 2131 ,
1269 1839 1327 2078 quantum
1279 1735 1309 1790 ex
1262 1488 1330 1697 vestigiis
1266 1292 1314 1448 adhuc
1270 933 1334 1256 superstitibus
1268 675 1336 897 colligere
1269 456 1317 638 clatum.
1268 267 1315 385 Viae

1334 2358 1399 2576 publicae
1338 2070 1398 2322 imminet,
1339 1728 1405 2034 eminetque3
1341 1624 1389 1686 ad
1360 1391 1410 1589 eamque
1362 1273 1410 1356 per
1348 1063 1412 1240 gradus
1348 870 1414 1027 plures
1365 618 1395 834 ascensus
1357 509 1396 576 est
1345 412 1394 472 ad
1364 264 1410 373 par-

1422 2476 1468 2574 tem
1415 2221 1468 2443 vestibuli
1426 1933 1485 2183 utramque
1456 1893 1479 1904 ‚
1436 1703 1486 1820 quos
1419 1521 1472 1679 ferreis
1424 1242 1487 1484 quondam
1426 1017 1476 1208 chlatris
1427 840 1477 980 fuisse
1437 655 1495 804 septos
1465 613 1488 625 ,
1425 380 1480 571 evidens
1434 266 1474 353 est.
