1596 2734
126 196 188 257 34

124 285 188 331 nil
226 283 317 331 tale
353 283 510 331 videre
557 294 623 332 est
661 286 708 332 in
747 285 928 351 Lapide
965 295 1138 335 nostro.
1196 286 1293 334 Sed
1328 286 1436 335 dor-

121 371 300 417 mitarit
337 370 478 416 etiam
518 371 714 437 scalptor
750 373 797 418 in
836 381 1087 439 utramque
1121 391 1297 420 aurem.
1360 372 1433 418 Au

125 456 337 503 tulissent
373 457 500 503 tituli
538 458 782 505 Curatores
818 459 865 505 in
905 458 1121 506 Consulis
1157 458 1429 524 praesertim

122 543 300 590 suffecti
339 545 525 591 nomine
562 544 731 594 ciendo
754 584 767 605 ,
797 547 928 593 cuius
964 547 1213 612 praecipue
1252 544 1443 592 auribus

123 629 336 678 dandum
376 630 558 695 aliquid
593 632 641 678 in
680 632 816 679 rebus
870 630 1103 679 eiusmodi
1139 630 1441 678 curabatur?

124 715 392 764 Platilc‘zcm
451 733 563 782 ergo
618 718 918 765 retinendum
977 716 1259 764 arbitramur
1286 754 1301 776 ,
1360 733 1445 763 nec

123 801 183 847 de
220 801 405 847 nomine
443 819 589 858 nove,
620 811 697 849 aut
731 820 779 849 re
814 818 940 850 nova
973 803 1153 848 nomini
1190 801 1430 859 subiecta,

123 885 407 933 timendum.
436 887 506 933 De
543 889 748 937 Plautio
785 887 1127 936 etenim'facile
1164 890 1439 937 Plautilias

122 972 331 1036 primum
362 1011 376 1031 ‚
436 972 610 1020 deinde
648 975 893 1023 Plautinus
950 972 1144 1038 prodire
1181 974 1228 1019 in
1268 973 1441 1040 vulgus

124 1058 296 1123 potuit.
357 1060 418 1105 Et
452 1077 560 1106 sane
594 1059 801 1127 prodigii
856 1062 1001 1108 instar
1058 1057 1213 1108 videri
1259 1067 1435 1125 queat,

125 1144 365 1192 Platih'um
390 1145 513 1190 hunc
538 1144 685 1190 alium
722 1163 746 1190 a
765 1145 951 1191 Plautio
987 1145 1190 1190 extitisse
1207 1182 1220 1204 ,
1249 1147 1296 1190 in
1321 1162 1442 1209 quo-

123 1245 233 1276 rum
273 1238 523 1294 utrumque
575 1229 702 1277 idem
764 1228 949 1276 Tiberii
1005 1245 1292 1292 praenomen
1328 1248 1440 1277 cum

124 1316 329 1366 Aeliani
364 1318 640 1383 cognomine
676 1314 934 1382 quadrarit.

195 1404 342 1467 Atqui
378 1403 489 1450 haec
524 1404 561 1450 si
599 1404 662 1450 ita
699 1404 790 1449 sint
812 1440 826 1462 ‚
864 1403 924 1449 de
959 1401 1142 1450 Aeliani
1181 1403 1436 1451 Consulatu

125 1507 210 1554 pro
245 1490 423 1554 Lapide
460 1489 748 1555 Pompeiano
802 1506 1001 1553 pronum
1049 1491 1135 1536 erit
1169 1489 1438 1537 decernere.

128 1576 251 1622 Cum
288 1575 417 1621 enim
468 1574 515 1620 in
567 1593 622 1622 eo
657 1592 747 1621 non
783 1562 1180 1623 iteram'Consul
1218 1575 1400 1623 dicatur
1422 1570 1448 1636 ,⁴

128 1661 190 1709 de
225 1661 380 1726 primo
404 1698 417 1719 ,
458 1679 548 1708 non
586 1661 731 1708 altero
767 1662 975 1709 eiusdem
1010 1659 1266 1708 Consulatu
1293 1698 1306 1720 ‚
1368 1663 1441 1708 in-

130 1746 451 1814 telligendus:
481 1766 684 1815 cumque
723 1750 764 1795 ei
802 1749 995 1815 Collega
1012 1745 1302 1816 praefulgeat
1335 1747 1443 1796 Sta-

128 1835 253 1882 tilius
287 1833 472 1882 Taurus
503 1874 515 1895 ,
579 1837 657 1902 qui
698 1835 875 1883 Consul
909 1833 1130 1903 processit
1166 1833 1224 1879 ad
1263 1851 1438 1881 annum

130 1938 224 1986 797
256 1939 267 1977 ;
309 1920 369 1965 ad
407 1939 583 1968 aunum
618 1922 744 1969 hunc
783 1922 1051 1972 referendus
1088 1921 1321 1980 Plautii,
1349 1939 1432 1968 seu.

131 2006 357 2065 Platilii,
386 2004 682 2055 Consulatus.
702 2008 828 2055 Nam
865 2009 904 2055 si
941 2006 1000 2054 de
1036 2004 1217 2053 Statilio
1255 2006 1440 2069 Tauro,

130 2091 330 2139 Consule
368 2093 475 2139 anni
513 2094 833 2160 insequentis,
873 2093 994 2141 idest
1030 2094 1160 2161 798,
1200 2104 1441 2158 ageretur,

128 2176 240 2223 huic
304 2180 504 2229 Corvini
554 2199 814 2247 cognomen
876 2180 1068 2247 appingi
1120 2188 1386 2246 oportuerat
1426 2218 1443 2242 ‚

129 2264 256 2327 quod
294 2266 341 2309 iu
377 2266 533 2330 lapide
568 2269 859 2333 Pompeiano
896 2269 1136 2316 omissum.
1169 2264 1313 2324 Quod
1350 2266 1443 2333 igi-

130 2358 203 2394 tur
238 2349 482 2398 Jansonius
519 2353 594 2400 Ti.
617 2353 738 2402 hunc
769 2354 1007 2400 Plautium
1029 2353 1277 2402 Aelianum
1316 2355 1438 2399 inter

125 2433 374 2500 §effectos
409 2434 688 2484 adnumerat
724 2455 779 2484 ex
816 2439 921 2488 Kal.
965 2439 1105 2486 Mart.
1145 2439 1254 2486 anni
1291 2441 1387 2488 800
1413 2477 1428 2502 2
