1596 2734
1403 147 1467 195 29

159 219 351 290 publico
379 258 393 283 ‚
441 219 575 269 cuius
610 232 857 288 personam
895 224 1061 286 gerunt
1084 253 1098 276 ‚
1153 213 1365 284 adeoque
1398 220 1475 263 ἰιι-

157 311 307 360 bendi
339 311 412 358 ius
447 309 670 357 obtinent.
726 306 904 354 Verum
939 304 1110 370 ecquid
1147 304 1329 370 proprie
1364 320 1473 367 prae

171 412 219 444 se
253 395 371 443 ferat
405 394 611 442 formula
665 392 784 441 haec
821 391 1090 439 NOVARE
1126 388 1330 436 SACRA
1353 424 1366 447 ‚
1424 385 1475 433 id

168 497 264 528 non
300 481 406 528 satis
443 481 664 529 hactenus
698 480 867 544 liquet;
896 486 942 526 et
975 495 1092 544 quae
1117 477 1178 524 de
1202 476 1336 525 illius
1371 483 1474 539 pot-

173 575 316 613 estate
352 566 412 613 ad
449 566 497 612 id
537 565 758 630 temporis
798 565 952 630 legere
996 565 1158 611 sortito
1193 562 1393 629 obtigit,
1425 581 1478 610 ea

162 652 359 701 salivam
395 650 519 698 cient
546 686 560 710 ,
599 652 838 698 stomacho
872 667 966 696 non
1001 649 1176 697 faciunt
1210 650 1335 695 satis.

226 736 433 787 Novare
456 757 474 797 5
515 753 599 783 seu
633 753 878 787 renovat-e
914 736 1087 785 Sacra
1115 773 1129 796 ,
1194 735 1478 801 quibusdam

161 824 350 875 videtur
376 862 390 884 ‚
429 822 559 870 idem
594 840 692 870 esse
716 861 730 884 ,
770 842 822 870 ac
857 841 1186 881 commovere,
1207 823 1303 870 sive
1339 822 1478 869 etiam

171 916 427 959 instituere
462 909 673 967 Saer‘a3
735 928 760 956 a
796 926 999 974 quorum
1056 910 1281 956 sententia
1338 909 1480 977 longe

174 995 448 1044 abeundum
482 1003 719 1061 putamus.
759 995 960 1045 Novare
999 1012 1205 1059 namque
1233 1032 1247 1055 ,
1285 1013 1366 1043 seu
1403 1013 1480 1045 re·

177 1099 363 1130 novare
389 1119 402 1140 ,
440 1082 733 1129 iterationem
769 1082 985 1145 importat
1018 1082 1085 1128 rei
1124 1079 1264 1128 semel
1291 1087 1483 1131 institu-

172 1180 278 1217 tae.
305 1165 463 1215 Semel
498 1169 675 1232 quippe
699 1171 998 1217 instituimus
1014 1185 1027 1226 3
1057 1184 1154 1214 rem
1193 1168 1478 1228 institutam,

163 1270 252 1318 pro
290 1252 483 1302 arbitrio
512 1289 523 1310 ,
565 1262 645 1299 aut
678 1253 948 1300 necessitate
974 1289 990 1313 ‚
1047 1254 1231 1318 quoties
1254 1292 1268 1315 ,
1328 1273 1478 1322 quan-

155 1338 281 1389 dove
328 1348 647 1406 opportunum
677 1377 690 1398 ,
743 1357 1013 1400 novamus,
1071 1357 1123 1387 ac
1160 1359 1473 1393 renovamus.

157 1425 396 1475 Gutherio
430 1427 500 1493 (a)
537 1444 718 1477 novare
752 1443 911 1474 sacra
945 1426 1076 1474 idem
1112 1428 1162 1473 fit
1190 1466 1204 1488 ,
1254 1447 1307 1478 ac
1342 1449 1477 1479 eom-

159 1530 349 1563 movere
382 1514 571 1581 saeraJ:
613 1522 690 1572 et,
732 1512 864 1579 quod
900 1514 1112 1562 festivius
1149 1525 1248 1578 est,
1274 1535 1479 1566 commo-

157 1602 342 1649 tionem
375 1619 636 1651 saororum
684 1616 791 1647 cum
828 1599 926 1664 ipsa
961 1617 1124 1648 eorum
1181 1607 1477 1655 institutione

158 1685 443 1735 confundere
478 1686 684 1736 videtur.
725 1685 803 1733 Sic
838 1688 965 1733 enim
1001 1687 1101 1735 loco
1136 1688 1302 1738 citato:
1345 1709 1477 1739 com-

161 1791 351 1823 movere
410 1792 566 1824 sacra
619 1785 693 1824 est
742 1777 975 1823 institutio
1029 1777 1277 1843 quaedam
1303 1814 1314 1834 ‚
1373 1796 1478 1845 qua.

166 1864 320 1907 certis
355 1870 404 1908 et
438 1860 753 1911 sollemnibus
776 1862 1151 1926 precationibus
1175 1863 1263 1911 Dii
1296 1881 1476 1913 consu-

161 1946 426 2007 lebantur,
454 1958 543 1997 aut
576 1947 930 2015 placabantur.
960 1947 1093 2009 Quid
1117 1949 1207 1996 hoo
1232 1958 1300 1998 est
1320 1948 1472 2011 aliud,

160 2047 305 2095 quam
340 2049 497 2093 mare,
538 2041 592 2080 ut
627 2033 796 2092 aiunt,
833 2032 957 2080 caelo
991 2033 1185 2081 miscere
1208 2038 1238 2083 Ρ

265 2390 329 2444 (a)
360 2391 428 2434 De
457 2398 575 2435 veter.
608 2392 698 2435 Iar.
730 2393 889 2448 Pontis.
923 2408 1022 2448 pag.
1055 2395 1153 2449 367:
