1596 2734
366 220 445 278 IN
488 220 732 288 SACRA
776 189 1291 279 POMPEioRVM
1444 138 1471 184 3

165 332 557 384 AVCTARIVM
593 336 731 384 CVM
768 335 857 383 AN
863 335 1264 387 IMADVERSIO
1277 336 1471 387 NIBVS

534 440 1009 480 COMMENTARIUM
1040 441 1120 483 vu

253 617 340 657 Nec
367 617 478 656 cirea
505 615 631 655 ‘vilem
649 643 661 663 ,
691 618 948 670 patulumque
978 614 1195 655 moraberis
1224 615 1371 655 orbem.

620 720 1029 753 PRAELUDIUM

227 929 465 1079 Quod
501 1016 621 1048 anno
644 998 861 1066 proxime
902 996 1058 1063 elapso
1092 997 1143 1045 in
1171 998 1481 1049 Commenta·

157 1088 286 1134 riolo
331 1076 488 1134 nostro
524 1091 578 1132 in
613 1084 784 1134 Sacra
827 1084 1177 1151 Pompeiorum
1235 1087 1484 1133 nonnulla

156 1171 401 1220 Ministms
438 1170 644 1237 Augusti
679 1169 1060 1222 denuntiavimus
1107 1170 1224 1220 alios
1255 1171 1484 1219 exstitisse

155 1275 181 1305 a
216 1255 459 1307 fflIinistris
507 1256 762 1306 Fortunae
807 1255 1095 1323 Augustae,
1158 1256 1339 1322 hosque
1393 1256 1484 1320 illis

155 1354 367 1410 tempore
403 1344 654 1410 praeivisse
691 1343 958 1409 tantisper3
1013 1343 1146 1410 quod
1180 1343 1397 1410 Pompeis
1434 1361 1486 1391 o-

154 1431 242 1479 lim
277 1432 458 1479 stetisse
492 1429 903 1499 pronuntiavimus
938 1428 1190 1496 Templum
1224 1432 1484 1481 Fortunae

154 1516 425 1583 Augustae
449 1554 465 1577 ‚
492 1518 567 1565 cui
600 1518 854 1584 peculiares
886 1515 1064 1564 addicti
1080 1519 1310 1577 ‚Mnistri
1333 1527 1480 1581 erant,

158 1605 243 1672 qui
260 1604 518 1655 Fortunae
540 1603 806 1670 Augustae
827 1602 1107 1650 audiebant:
1131 1604 1248 1653 haec
1284 1602 1487 1655 demum

160 1691 378 1742 universa
429 1708 642 1758 nuperae
690 1689 1024 1754 Pompeiorum
1084 1675 1352 1739 effossiones
1417 1692 1485 1738 ita

158 1779 492 1827 confirmarunt
515 1816 530 1839 ‚
580 1797 677 1828 non
713 1778 812 1826 sine
847 1775 1099 1826 Fastorum
1157 1777 1487 1826 Consularium

158 1865 335 1932 insigni
369 1865 685 1914 emolumento
708 1903 723 1925 ,
775 1874 828 1912 ut
865 1863 1024 1911 nullus
1060 1864 1154 1911 iarn
1190 1863 1249 1912 de
1284 1865 1356 1913 his
1393 1864 1486 1911 du-

160 1951 341 2000 bitandi
382 1951 515 2000 locus
552 1952 770 2017 supersit„
825 1950 887 1997 Et
922 1968 981 1996 ne
1031 1950 1079 2002 in
1113 1967 1162 1997 re
1212 1958 1342 1997 tanta
1399 1950 1486 1997 Le-

158 2040 294 2088 ctoris
329 2039 637 2105 cupiditatem
683 2039 782 2086 sine
819 2054 977 2084 caussa
1030 2053 1268 2083 moremur
1297 2074 1309 2094 ,
1359 2053 1485 2083 mar-

159 2141 288 2175 mora
323 2130 423 2194 ipsa
458 2143 619 2176 recens
655 2135 782 2173 eruta
817 2124 1035 2189 Pompeis
1090 2125 1137 2170 in
1174 2123 1388 2170 medium
1413 2123 1476 2170 af-

161 2211 365 2263 feremus
391 2252 406 2274 ,
443 2231 563 2281 quae
589 2214 650 2262 de
675 2211 870 2279 singulis
902 2249 917 2271 ,
956 2211 1283 2259 testimonium
1318 2210 1480 2257 dicant

160 2296 566 2349 luculentisimum
590 2339 603 2360 ‚
650 2301 787 2367 Legis
834 2298 1024 2345 Cinciae
1052 2335 1066 2356 ,
1122 2282 1216 2344 iam
1252 2296 1310 2343 ab
1346 2295 1479 2342 initio

165 2384 296 2432 nobis
332 2386 380 2436 in
417 2387 618 2438 dicendo
654 2385 894 2453 impositae
917 2422 931 2446 ,
970 2384 1067 2433 iure
1105 2390 1303 2433 servato.

1324 2473 1344 2493 χ,
