1596 2734
1458 188 1490 234 9

180 257 225 304 in
262 273 378 323 quos
414 261 540 304 extat
576 253 823 303 Tullianae
883 253 1117 303 Orationis
1154 261 1487 323 argumentum

184 361 294 391 cum
330 342 516 391 Asconii
553 341 745 389 Pediani
785 341 1134 388 Commentario
1172 357 1322 405 nuper
1359 357 1385 387 a
1408 338 1483 386 Cl.

178 430 304 476 Maio
340 445 396 476 ex
431 428 752 475 Ambrosianis
774 427 1091 492 Palimpsestis
1129 426 1360 474 elicitum.
1382 425 1486 473 Non

179 523 335 561 tamen
375 512 628 561 absurdum
663 514 802 562 fuerit
838 515 1040 580 cogitare
1078 514 1138 560 de
1173 513 1228 560 P.
1271 513 1492 579 quopiam

185 601 356 648 Clodio
379 636 392 658 ‚
431 600 572 647 huius
609 599 734 647 Filio
763 619 789 661 t,
815 617 919 647 nam
957 598 1114 664 plures
1148 599 1199 645 P.
1242 598 1354 645 huic
1387 597 1495 644 Clo-

181 685 262 732 dio
299 684 504 731 extitisse
539 683 659 731 filios
684 721 696 742 ‚
753 691 929 731 constat
965 682 1134 730 aSexti
1172 682 1324 730 Clodii
1363 700 1495 748 prae-

179 771 376 819 nomine
406 808 419 828 ,
475 769 532 818 P.
572 769 730 817 Clodii
768 771 868 817 sine
903 768 1194 817 dubitatione
1232 770 1316 816 filii
1338 807 1351 830 ‚
1412 788 1498 834 pro

181 874 277 923 quo
326 856 384 903 ab
423 855 563 903 exilio
597 854 862 904 revocando
899 856 1141 920 epistolam
1175 874 1283 903 sane
1318 854 1496 903 πολιτι-

178 960 360 1012 κοτεραν
396 942 467 989 Μ.
508 941 698 989 Antonii
734 941 795 989 ad
830 942 1108 990 Ciceronem
1135 942 1362 991 habemus
1388 943 1491 1010 (1).

179 1029 484 1077 Coniecturae
520 1038 645 1076 certe
679 1028 786 1075 huic
825 1038 1091 1094 temporum
1120 1030 1316 1076 rationes
1352 1030 1497 1076 mini-

181 1133 315 1163 mum
351 1114 701 1162 incommodare
737 1113 977 1162 videntur.

248 1203 349 1268 Age
367 1218 490 1247 nunc
510 1199 701 1248 tandem
730 1219 906 1250 annum
926 1201 1203 1251 definiamus
1222 1202 1363 1251 Aedis
1385 1221 1495 1251 con-

178 1287 304 1335 ditae
319 1288 574 1334 Fortunae
603 1286 866 1353 Augustae
886 1289 1210 1354 Pompeiorum
1241 1329 1254 1350 ,
1296 1291 1495 1354 eiusque

186 1373 332 1422 veluti
369 1374 554 1424 aditum
589 1391 850 1421 reseremus
874 1413 888 1436 ,
935 1376 1069 1440 quod
1105 1376 1332 1424 beneficio
1368 1377 1497 1424 Mar-

182 1459 328 1510 moris
352 1459 639 1527 insequentis
666 1454 972 1513 adsecuturos
1001 1499 1014 1521 ,
1037 1462 1168 1511 facile
1187 1463 1410 1512 confidim
1423 1481 1494 1512 us.

823 1605 871 1653 3.

464 1730 974 1780 AGATHEMERVS.
1018 1731 1219 1778 VETTI

408 1816 653 1865 stvis.
696 1817 981 1865 CAESIAE.
1022 1818 1267 1865 PRIMAE
1305 1798 1313 1806 '

347 1899 352 1905 ·
516 1902 792 1950 PoTHvs.
837 1902 1165 1951 Nviurnom

459 1989 1218 2039 ANTEROS.LACVTVLAN

239 2070 489 2121 MINJST.
529 2075 733 2122 pann.
773 2075 1058 2124 FORTVN.
1098 2077 1250 2123 Ave.
1292 2077 1485 2124 IVSS„

187 2157 708 2208 M.STAI.RVFI.CN.
727 2162 1493 2210 MELISSAEI.APRI.D.V.I.D

238 2242 291 2291 P.
333 2243 518 2293 SILIO.
556 2248 614 2294 L.
654 2248 951 2295 VOLVSIO.
995 2248 1271 2297 SATVRN.
1319 2248 1435 2297 cos

292 2431 352 2484 (1)
383 2433 559 2488 Epistol.
594 2438 686 2477 Lib.
722 2439 839 2478 XIV.
881 2441 940 2492 14.
